time;bid;ask;last;volume;time_msc;flags;volume_real
2022-11-30 14:43:26+00:00;26,0;26,01;26,0;26500;1669819406738;sell;26500,0
2022-11-30 14:43:26+00:00;26,0;26,01;26,0;200;1669819406746;sell;200,0
2022-11-30 14:43:26+00:00;26,0;26,01;26,0;200;1669819406958;sell;200,0
2022-11-30 14:43:27+00:00;25,99;26,0;26,0;100;1669819407469;buy;100,0
2022-11-30 14:43:27+00:00;25,99;26,0;25,99;700;1669819407826;sell;700,0
2022-11-30 14:43:28+00:00;25,99;26,0;26,0;1200;1669819408146;buy;1200,0
2022-11-30 14:43:28+00:00;25,99;26,0;26,01;100;1669819408150;buy;100,0
2022-11-30 14:43:28+00:00;25,99;26,0;26,0;200;1669819408393;buy;200,0
2022-11-30 14:43:30+00:00;25,99;26,01;25,99;100;1669819410349;sell;100,0
2022-11-30 14:43:30+00:00;25,99;26,01;26,01;100;1669819410635;buy;100,0
2022-11-30 14:43:30+00:00;25,99;26,01;25,99;100;1669819410656;sell;100,0
2022-11-30 14:43:31+00:00;25,99;26,01;26,01;100;1669819411024;buy;100,0
2022-11-30 14:43:31+00:00;25,99;26,01;26,01;700;1669819411450;buy;700,0
2022-11-30 14:43:32+00:00;26,0;26,01;26,0;500;1669819412435;sell;500,0
2022-11-30 14:43:33+00:00;25,99;26,01;26,01;600;1669819413075;buy;600,0
2022-11-30 14:43:33+00:00;25,99;26,01;26,0;100;1669819413088;both;100,0
2022-11-30 14:43:36+00:00;25,99;26,01;26,0;100;1669819416078;both;100,0
2022-11-30 14:43:36+00:00;26,0;26,01;26,0;100;1669819416999;sell;100,0
2022-11-30 14:43:38+00:00;26,0;26,01;26,01;200;1669819418104;buy;200,0
2022-11-30 14:43:38+00:00;26,0;26,01;26,0;100;1669819418270;sell;100,0
2022-11-30 14:43:38+00:00;26,0;26,01;26,0;100;1669819418326;sell;100,0
2022-11-30 14:43:38+00:00;26,0;26,01;26,01;31900;1669819418480;buy;31900,0
2022-11-30 14:43:38+00:00;26,0;26,01;26,01;100;1669819418496;buy;100,0
2022-11-30 14:43:38+00:00;26,0;26,01;26,01;100;1669819418516;buy;100,0
2022-11-30 14:43:38+00:00;26,0;26,01;26,01;600;1669819418586;buy;600,0
2022-11-30 14:43:38+00:00;26,0;26,01;26,01;600;1669819418586;buy;600,0
2022-11-30 14:43:38+00:00;26,0;26,01;26,0;400;1669819418586;sell;400,0
2022-11-30 14:43:38+00:00;26,0;26,01;26,0;1400;1669819418586;sell;1400,0
2022-11-30 14:43:38+00:00;26,0;26,01;26,0;2000;1669819418587;sell;2000,0
2022-11-30 14:43:38+00:00;26,0;26,02;26,02;100;1669819418823;buy;100,0
2022-11-30 14:43:39+00:00;26,0;26,02;26,01;100;1669819419143;both;100,0
2022-11-30 14:43:39+00:00;26,0;26,02;26,0;9900;1669819419143;sell;9900,0
2022-11-30 14:43:39+00:00;26,01;26,02;26,02;100;1669819419974;buy;100,0
2022-11-30 14:43:40+00:00;26,01;26,02;26,01;1700;1669819420273;sell;1700,0
2022-11-30 14:43:40+00:00;26,01;26,02;26,0;300;1669819420273;sell;300,0
2022-11-30 14:43:41+00:00;26,0;26,02;26,02;100;1669819421934;buy;100,0
2022-11-30 14:43:43+00:00;26,0;26,02;26,0;100;1669819423411;sell;100,0
2022-11-30 14:43:43+00:00;26,0;26,02;26,0;100;1669819423619;sell;100,0
2022-11-30 14:43:44+00:00;26,01;26,02;26,02;100;1669819424434;buy;100,0
2022-11-30 14:43:45+00:00;26,01;26,02;26,01;200;1669819425608;sell;200,0
2022-11-30 14:43:45+00:00;26,01;26,02;26,02;100;1669819425837;buy;100,0
2022-11-30 14:43:47+00:00;26,01;26,02;26,02;100;1669819427601;buy;100,0
2022-11-30 14:43:50+00:00;26,01;26,02;26,02;100;1669819430489;buy;100,0
2022-11-30 14:43:51+00:00;26,01;26,02;26,02;100;1669819431019;buy;100,0
2022-11-30 14:43:51+00:00;26,01;26,02;26,02;100;1669819431023;buy;100,0
2022-11-30 14:43:53+00:00;26,01;26,02;26,01;100;1669819433762;sell;100,0
2022-11-30 14:43:56+00:00;26,01;26,02;26,01;100;1669819436932;sell;100,0
2022-11-30 14:43:57+00:00;26,01;26,02;26,01;2900;1669819437171;sell;2900,0
2022-11-30 14:43:57+00:00;26,01;26,02;26,01;4500;1669819437325;sell;4500,0
2022-11-30 14:43:57+00:00;26,0;26,02;26,0;500;1669819437421;sell;500,0
2022-11-30 14:43:57+00:00;26,0;26,02;26,0;700;1669819437426;sell;700,0
2022-11-30 14:43:58+00:00;26,0;26,01;26,01;200;1669819438006;buy;200,0
2022-11-30 14:43:59+00:00;26,0;26,01;26,0;1300;1669819439251;sell;1300,0
2022-11-30 14:44:00+00:00;26,0;26,01;26,0;1000;1669819440975;sell;1000,0
2022-11-30 14:44:03+00:00;26,0;26,01;26,01;100;1669819443140;buy;100,0
2022-11-30 14:44:04+00:00;26,0;26,01;26,01;100;1669819444357;buy;100,0
2022-11-30 14:44:04+00:00;26,0;26,01;26,01;100;1669819444370;buy;100,0
2022-11-30 14:44:04+00:00;26,0;26,01;26,01;100;1669819444815;buy;100,0
2022-11-30 14:44:05+00:00;26,0;26,01;26,01;300;1669819445744;buy;300,0
2022-11-30 14:44:06+00:00;26,01;26,02;26,02;100;1669819446197;buy;100,0
2022-11-30 14:44:06+00:00;26,01;26,02;26,01;200;1669819446440;sell;200,0
2022-11-30 14:44:06+00:00;26,01;26,02;26,01;200;1669819446485;sell;200,0
2022-11-30 14:44:07+00:00;26,01;26,02;26,02;300;1669819447325;buy;300,0
2022-11-30 14:44:08+00:00;26,01;26,02;26,01;3000;1669819448188;sell;3000,0
2022-11-30 14:44:08+00:00;26,01;26,02;26,01;30000;1669819448198;sell;30000,0
2022-11-30 14:44:08+00:00;26,01;26,02;26,02;1900;1669819448247;buy;1900,0
2022-11-30 14:44:08+00:00;26,01;26,02;26,02;2800;1669819448425;buy;2800,0
2022-11-30 14:44:08+00:00;26,01;26,02;26,01;3000;1669819448509;sell;3000,0
2022-11-30 14:44:09+00:00;26,01;26,02;26,01;1000;1669819449945;sell;1000,0
2022-11-30 14:44:10+00:00;26,01;26,02;26,02;100;1669819450829;buy;100,0
2022-11-30 14:44:10+00:00;26,01;26,02;26,02;200;1669819450914;buy;200,0
2022-11-30 14:44:11+00:00;26,01;26,02;26,02;200;1669819451423;buy;200,0
2022-11-30 14:44:11+00:00;26,01;26,02;26,02;100;1669819451674;buy;100,0
2022-11-30 14:44:11+00:00;26,01;26,02;26,01;100;1669819451860;sell;100,0
2022-11-30 14:44:12+00:00;26,01;26,02;26,02;100;1669819452162;buy;100,0
2022-11-30 14:44:13+00:00;26,01;26,02;26,02;200;1669819453362;buy;200,0
2022-11-30 14:44:13+00:00;26,01;26,02;26,01;300;1669819453421;sell;300,0
2022-11-30 14:44:13+00:00;26,01;26,02;26,02;1700;1669819453435;buy;1700,0
2022-11-30 14:44:14+00:00;26,01;26,02;26,02;200;1669819454400;buy;200,0
2022-11-30 14:44:15+00:00;26,01;26,02;26,02;100;1669819455232;buy;100,0
2022-11-30 14:44:15+00:00;26,01;26,02;26,02;100;1669819455935;buy;100,0
2022-11-30 14:44:17+00:00;26,01;26,02;26,01;16200;1669819457913;sell;16200,0
2022-11-30 14:44:17+00:00;26,01;26,02;26,01;500;1669819457919;sell;500,0
2022-11-30 14:44:18+00:00;26,0;26,02;26,02;100;1669819458161;buy;100,0
2022-11-30 14:44:18+00:00;26,0;26,02;26,02;300;1669819458819;buy;300,0
2022-11-30 14:44:19+00:00;26,0;26,01;26,01;200;1669819459918;buy;200,0
2022-11-30 14:44:21+00:00;26,0;26,02;26,02;100;1669819461905;buy;100,0
2022-11-30 14:44:22+00:00;26,0;26,02;26,02;500;1669819462048;buy;500,0
2022-11-30 14:44:23+00:00;26,0;26,02;26,02;100;1669819463170;buy;100,0
2022-11-30 14:44:23+00:00;26,0;26,02;26,01;100;1669819463413;both;100,0
2022-11-30 14:44:24+00:00;26,01;26,02;26,01;300;1669819464816;sell;300,0
2022-11-30 14:44:30+00:00;26,01;26,02;26,02;300;1669819470715;buy;300,0
2022-11-30 14:44:30+00:00;26,01;26,02;26,02;100;1669819470830;buy;100,0
2022-11-30 14:44:31+00:00;26,01;26,02;26,02;100;1669819471016;buy;100,0
2022-11-30 14:44:31+00:00;26,01;26,02;26,01;100;1669819471701;sell;100,0
2022-11-30 14:44:34+00:00;26,01;26,02;26,01;1200;1669819474778;sell;1200,0
2022-11-30 14:44:35+00:00;26,01;26,02;26,02;100;1669819475768;buy;100,0
2022-11-30 14:44:35+00:00;26,01;26,02;26,02;100;1669819475875;buy;100,0
2022-11-30 14:44:37+00:00;26,01;26,02;26,02;100;1669819477184;buy;100,0
2022-11-30 14:44:37+00:00;26,01;26,02;26,02;600;1669819477313;buy;600,0
2022-11-30 14:44:37+00:00;26,01;26,02;26,02;100;1669819477896;buy;100,0
2022-11-30 14:44:38+00:00;26,01;26,02;26,02;100;1669819478888;buy;100,0
2022-11-30 14:44:39+00:00;26,01;26,02;26,02;100;1669819479247;buy;100,0
2022-11-30 14:44:40+00:00;26,01;26,02;26,02;200;1669819480340;buy;200,0
2022-11-30 14:44:41+00:00;26,01;26,02;26,01;100;1669819481507;sell;100,0
2022-11-30 14:44:41+00:00;26,01;26,02;26,02;1300;1669819481630;buy;1300,0
2022-11-30 14:44:41+00:00;26,01;26,02;26,02;200;1669819481759;buy;200,0
2022-11-30 14:44:42+00:00;26,01;26,02;26,01;100;1669819482395;sell;100,0
2022-11-30 14:44:42+00:00;26,01;26,02;26,02;300;1669819482399;buy;300,0
2022-11-30 14:44:42+00:00;26,01;26,02;26,02;8000;1669819482507;buy;8000,0
2022-11-30 14:44:42+00:00;26,01;26,02;26,01;100;1669819482799;sell;100,0
2022-11-30 14:44:43+00:00;26,01;26,02;26,01;3000;1669819483403;sell;3000,0
2022-11-30 14:44:44+00:00;26,01;26,02;26,02;300;1669819484903;buy;300,0
2022-11-30 14:44:45+00:00;26,01;26,02;26,02;100;1669819485792;buy;100,0
2022-11-30 14:44:46+00:00;26,01;26,02;26,01;100;1669819486141;sell;100,0
2022-11-30 14:44:47+00:00;26,01;26,02;26,02;100;1669819487041;buy;100,0
2022-11-30 14:44:47+00:00;26,01;26,02;26,02;100;1669819487073;buy;100,0
2022-11-30 14:44:47+00:00;26,01;26,02;26,01;400;1669819487584;sell;400,0
2022-11-30 14:44:48+00:00;26,01;26,02;26,02;300;1669819488081;buy;300,0
2022-11-30 14:44:48+00:00;26,01;26,02;26,01;100;1669819488094;sell;100,0
2022-11-30 14:44:48+00:00;26,01;26,02;26,02;10000;1669819488269;buy;10000,0
2022-11-30 14:44:48+00:00;26,01;26,02;26,02;100;1669819488646;buy;100,0
2022-11-30 14:44:49+00:00;26,01;26,02;26,01;100;1669819489811;sell;100,0
2022-11-30 14:44:50+00:00;26,01;26,02;26,02;100;1669819490541;buy;100,0
2022-11-30 14:44:50+00:00;26,01;26,02;26,01;3000;1669819490632;sell;3000,0
2022-11-30 14:44:51+00:00;26,01;26,02;26,02;100;1669819491707;buy;100,0
2022-11-30 14:44:53+00:00;26,01;26,02;26,02;2300;1669819493151;buy;2300,0
2022-11-30 14:44:53+00:00;26,01;26,02;26,01;1000;1669819493218;sell;1000,0
2022-11-30 14:44:54+00:00;26,01;26,02;26,02;300;1669819494548;buy;300,0
2022-11-30 14:44:55+00:00;26,01;26,02;26,02;100;1669819495251;buy;100,0
2022-11-30 14:44:55+00:00;26,01;26,02;26,01;100;1669819495528;sell;100,0
2022-11-30 14:44:55+00:00;26,01;26,02;26,01;100;1669819495543;sell;100,0
2022-11-30 14:44:55+00:00;26,01;26,02;26,02;1200;1669819495793;buy;1200,0
2022-11-30 14:44:56+00:00;26,01;26,02;26,02;300;1669819496193;buy;300,0
2022-11-30 14:44:59+00:00;26,01;26,02;26,02;700;1669819499521;buy;700,0
2022-11-30 14:44:59+00:00;26,01;26,02;26,02;200;1669819499808;buy;200,0
2022-11-30 14:45:00+00:00;26,01;26,02;26,02;100;1669819500159;buy;100,0
2022-11-30 14:45:00+00:00;26,01;26,02;26,01;100;1669819500611;sell;100,0
2022-11-30 14:45:00+00:00;26,01;26,02;26,01;100;1669819500843;sell;100,0
2022-11-30 14:45:00+00:00;26,01;26,02;26,02;100;1669819500968;buy;100,0
2022-11-30 14:45:01+00:00;26,01;26,02;26,02;100;1669819501181;buy;100,0
2022-11-30 14:45:01+00:00;26,01;26,02;26,02;300;1669819501786;buy;300,0
2022-11-30 14:45:01+00:00;26,01;26,02;26,02;200;1669819501811;buy;200,0
2022-11-30 14:45:02+00:00;26,01;26,02;26,02;2200;1669819502293;buy;2200,0
2022-11-30 14:45:03+00:00;26,01;26,02;26,02;100;1669819503138;buy;100,0
2022-11-30 14:45:04+00:00;26,01;26,02;26,02;100;1669819504282;buy;100,0
2022-11-30 14:45:04+00:00;26,01;26,02;26,02;1000;1669819504379;buy;1000,0
2022-11-30 14:45:05+00:00;26,01;26,02;26,02;100;1669819505775;buy;100,0
2022-11-30 14:45:06+00:00;26,01;26,02;26,02;300;1669819506528;buy;300,0
2022-11-30 14:45:06+00:00;26,01;26,02;26,01;18800;1669819506783;sell;18800,0
2022-11-30 14:45:06+00:00;26,01;26,02;26,01;14300;1669819506968;sell;14300,0
2022-11-30 14:45:09+00:00;26,01;26,02;26,02;100;1669819509901;buy;100,0
2022-11-30 14:45:11+00:00;26,01;26,02;26,02;100;1669819511081;buy;100,0
2022-11-30 14:45:12+00:00;26,01;26,02;26,02;100;1669819512387;buy;100,0
2022-11-30 14:45:13+00:00;26,01;26,02;26,02;100;1669819513855;buy;100,0
2022-11-30 14:45:14+00:00;26,01;26,02;26,02;6300;1669819514220;buy;6300,0
2022-11-30 14:45:14+00:00;26,01;26,02;26,02;10600;1669819514511;buy;10600,0
2022-11-30 14:45:15+00:00;26,02;26,03;26,03;100;1669819515584;buy;100,0
2022-11-30 14:45:15+00:00;26,02;26,03;26,03;1000;1669819515584;buy;1000,0
2022-11-30 14:45:15+00:00;26,02;26,03;26,03;100;1669819515597;buy;100,0
2022-11-30 14:45:15+00:00;26,02;26,03;26,03;100;1669819515868;buy;100,0
2022-11-30 14:45:15+00:00;26,02;26,03;26,03;100;1669819515869;buy;100,0
2022-11-30 14:45:19+00:00;26,02;26,03;26,03;100;1669819519098;buy;100,0
2022-11-30 14:45:19+00:00;26,02;26,03;26,03;300;1669819519102;buy;300,0
2022-11-30 14:45:20+00:00;26,02;26,03;26,03;100;1669819520383;buy;100,0
2022-11-30 14:45:21+00:00;26,02;26,03;26,03;100;1669819521756;buy;100,0
2022-11-30 14:45:22+00:00;26,02;26,03;26,03;100;1669819522352;buy;100,0
2022-11-30 14:45:23+00:00;26,02;26,03;26,03;100;1669819523057;buy;100,0
2022-11-30 14:45:24+00:00;26,02;26,03;26,02;100;1669819524212;sell;100,0
2022-11-30 14:45:24+00:00;26,02;26,03;26,02;40000;1669819524222;sell;40000,0
2022-11-30 14:45:24+00:00;26,02;26,03;26,02;500;1669819524229;sell;500,0
2022-11-30 14:45:24+00:00;26,01;26,02;26,02;4200;1669819524561;buy;4200,0
2022-11-30 14:45:26+00:00;26,01;26,02;26,02;2100;1669819526898;buy;2100,0
2022-11-30 14:45:27+00:00;26,01;26,02;26,02;200;1669819527162;buy;200,0
2022-11-30 14:45:27+00:00;26,01;26,02;26,01;600;1669819527795;sell;600,0
2022-11-30 14:45:27+00:00;26,01;26,02;26,01;300;1669819527851;sell;300,0
2022-11-30 14:45:27+00:00;26,01;26,02;26,01;100;1669819527853;sell;100,0
2022-11-30 14:45:27+00:00;26,01;26,02;26,01;800;1669819527859;sell;800,0
2022-11-30 14:45:28+00:00;26,01;26,02;26,01;1300;1669819528739;sell;1300,0
2022-11-30 14:45:28+00:00;26,01;26,02;26,01;600;1669819528797;sell;600,0
2022-11-30 14:45:29+00:00;26,01;26,02;26,01;17800;1669819529790;sell;17800,0
2022-11-30 14:45:29+00:00;26,01;26,02;26,01;200;1669819529790;sell;200,0
2022-11-30 14:45:29+00:00;26,01;26,02;26,01;100;1669819529794;sell;100,0
2022-11-30 14:45:29+00:00;26,01;26,02;26,01;500;1669819529804;sell;500,0
2022-11-30 14:45:29+00:00;26,0;26,01;26,01;300;1669819529856;buy;300,0
2022-11-30 14:45:30+00:00;26,0;26,01;26,01;100;1669819530629;buy;100,0
2022-11-30 14:45:35+00:00;26,0;26,01;26,01;100;1669819535133;buy;100,0
2022-11-30 14:45:35+00:00;26,0;26,01;26,0;10000;1669819535535;sell;10000,0
2022-11-30 14:45:35+00:00;26,0;26,01;26,0;100;1669819535535;sell;100,0
2022-11-30 14:45:38+00:00;26,0;26,01;26,01;100;1669819538396;buy;100,0
2022-11-30 14:45:41+00:00;26,0;26,01;26,01;500;1669819541191;buy;500,0
2022-11-30 14:45:41+00:00;26,0;26,01;26,0;2000;1669819541778;sell;2000,0
2022-11-30 14:45:41+00:00;26,0;26,01;26,0;43300;1669819541786;sell;43300,0
2022-11-30 14:45:41+00:00;26,0;26,01;25,99;100;1669819541786;sell;100,0
2022-11-30 14:45:41+00:00;26,0;26,01;25,99;41900;1669819541786;sell;41900,0
2022-11-30 14:45:41+00:00;26,0;26,01;25,98;14700;1669819541786;sell;14700,0
2022-11-30 14:45:41+00:00;26,0;26,01;25,98;100;1669819541786;sell;100,0
2022-11-30 14:45:41+00:00;26,0;26,01;25,99;500;1669819541812;sell;500,0
2022-11-30 14:45:41+00:00;26,0;26,01;25,99;100;1669819541814;sell;100,0
2022-11-30 14:45:42+00:00;25,98;25,99;25,99;100;1669819542116;buy;100,0
2022-11-30 14:45:42+00:00;25,98;25,99;25,98;600;1669819542423;sell;600,0
2022-11-30 14:45:42+00:00;25,98;25,99;25,97;600;1669819542423;sell;600,0
2022-11-30 14:45:42+00:00;25,98;25,99;25,98;500;1669819542427;sell;500,0
2022-11-30 14:45:42+00:00;25,97;25,98;25,98;5400;1669819542589;buy;5400,0
2022-11-30 14:45:42+00:00;25,97;25,98;25,98;100;1669819542595;buy;100,0
2022-11-30 14:45:42+00:00;25,97;25,98;25,98;100;1669819542596;buy;100,0
2022-11-30 14:45:43+00:00;25,98;25,99;25,98;100;1669819543068;sell;100,0
2022-11-30 14:45:44+00:00;25,98;25,99;25,98;200;1669819544011;sell;200,0
2022-11-30 14:45:44+00:00;25,98;25,99;25,98;10000;1669819544035;sell;10000,0
2022-11-30 14:45:44+00:00;25,98;25,99;25,99;200;1669819544109;buy;200,0
2022-11-30 14:45:45+00:00;25,98;25,99;25,98;2400;1669819545150;sell;2400,0
2022-11-30 14:45:45+00:00;25,98;25,99;25,98;100;1669819545155;sell;100,0
2022-11-30 14:45:46+00:00;25,97;25,98;25,98;100;1669819546206;buy;100,0
2022-11-30 14:45:46+00:00;25,97;25,98;25,98;100;1669819546260;buy;100,0
2022-11-30 14:45:46+00:00;25,97;25,98;25,98;100;1669819546760;buy;100,0
2022-11-30 14:45:46+00:00;25,97;25,98;25,97;300;1669819546793;sell;300,0
2022-11-30 14:45:47+00:00;25,97;25,98;25,98;100;1669819547669;buy;100,0
2022-11-30 14:45:48+00:00;25,97;25,98;25,97;100;1669819548005;sell;100,0
2022-11-30 14:45:48+00:00;25,97;25,98;25,97;200;1669819548218;sell;200,0
2022-11-30 14:45:48+00:00;25,97;25,98;25,97;100;1669819548327;sell;100,0
2022-11-30 14:45:51+00:00;25,97;25,98;25,98;100;1669819551140;buy;100,0
2022-11-30 14:45:51+00:00;25,97;25,98;25,98;100;1669819551202;buy;100,0
2022-11-30 14:45:51+00:00;25,97;25,98;25,97;1600;1669819551368;sell;1600,0
2022-11-30 14:45:52+00:00;25,97;25,98;25,98;100;1669819552310;buy;100,0
2022-11-30 14:45:53+00:00;25,97;25,98;25,97;1100;1669819553421;sell;1100,0
2022-11-30 14:45:54+00:00;25,96;25,98;25,97;100;1669819554361;both;100,0
2022-11-30 14:45:55+00:00;25,96;25,98;25,97;100;1669819555006;both;100,0
2022-11-30 14:45:55+00:00;25,96;25,98;25,97;100;1669819555507;both;100,0
2022-11-30 14:45:56+00:00;25,96;25,97;25,96;100;1669819556288;sell;100,0
2022-11-30 14:45:56+00:00;25,96;25,97;25,96;200;1669819556288;sell;200,0
2022-11-30 14:45:56+00:00;25,96;25,97;25,97;100;1669819556502;buy;100,0
2022-11-30 14:45:57+00:00;25,96;25,97;25,97;100;1669819557450;buy;100,0
2022-11-30 14:45:59+00:00;25,96;25,97;25,97;100;1669819559152;buy;100,0
2022-11-30 14:45:59+00:00;25,96;25,97;25,97;100;1669819559545;buy;100,0
2022-11-30 14:46:00+00:00;25,96;25,97;25,97;100;1669819560659;buy;100,0
2022-11-30 14:46:01+00:00;25,96;25,97;25,96;200;1669819561794;sell;200,0
2022-11-30 14:46:02+00:00;25,96;25,97;25,97;300;1669819562978;buy;300,0
2022-11-30 14:46:03+00:00;25,96;25,97;25,97;100;1669819563256;buy;100,0
2022-11-30 14:46:05+00:00;25,96;25,97;25,97;100;1669819565049;buy;100,0
2022-11-30 14:46:05+00:00;25,96;25,97;25,97;100;1669819565723;buy;100,0
2022-11-30 14:46:07+00:00;25,96;25,97;25,97;100;1669819567171;buy;100,0
2022-11-30 14:46:09+00:00;25,96;25,97;25,97;100;1669819569059;buy;100,0
2022-11-30 14:46:09+00:00;25,96;25,97;25,97;300;1669819569869;buy;300,0
2022-11-30 14:46:09+00:00;25,96;25,97;25,98;200;1669819569882;buy;200,0
2022-11-30 14:46:09+00:00;25,96;25,97;25,98;100;1669819569892;buy;100,0
2022-11-30 14:46:12+00:00;25,97;25,98;25,98;100;1669819572812;buy;100,0
2022-11-30 14:46:13+00:00;25,97;25,98;25,98;100;1669819573115;buy;100,0
2022-11-30 14:46:13+00:00;25,97;25,98;25,98;10000;1669819573365;buy;10000,0
2022-11-30 14:46:13+00:00;25,97;25,98;25,98;2900;1669819573551;buy;2900,0
2022-11-30 14:46:13+00:00;25,97;25,98;25,98;200;1669819573986;buy;200,0
2022-11-30 14:46:15+00:00;25,97;25,98;25,98;100;1669819575034;buy;100,0
2022-11-30 14:46:17+00:00;25,97;25,98;25,98;100;1669819577176;buy;100,0
2022-11-30 14:46:19+00:00;25,97;25,98;25,98;1500;1669819579230;buy;1500,0
2022-11-30 14:46:20+00:00;25,97;25,98;25,97;1000;1669819580557;sell;1000,0
2022-11-30 14:46:23+00:00;25,97;25,98;25,98;100;1669819583905;buy;100,0
2022-11-30 14:46:24+00:00;25,97;25,98;25,98;100;1669819584030;buy;100,0
2022-11-30 14:46:24+00:00;25,97;25,98;25,98;100;1669819584153;buy;100,0
2022-11-30 14:46:24+00:00;25,97;25,98;25,98;800;1669819584678;buy;800,0
2022-11-30 14:46:26+00:00;25,97;25,98;25,98;100;1669819586340;buy;100,0
2022-11-30 14:46:27+00:00;25,97;25,98;25,98;100;1669819587171;buy;100,0
2022-11-30 14:46:27+00:00;25,97;25,98;25,98;500;1669819587607;buy;500,0
2022-11-30 14:46:29+00:00;25,97;25,98;25,98;100;1669819589883;buy;100,0
2022-11-30 14:46:30+00:00;25,97;25,98;25,98;100;1669819590418;buy;100,0
2022-11-30 14:46:30+00:00;25,97;25,98;25,98;100;1669819590625;buy;100,0
2022-11-30 14:46:30+00:00;25,97;25,98;25,98;100;1669819590625;buy;100,0
2022-11-30 14:46:30+00:00;25,97;25,98;25,98;400;1669819590700;buy;400,0
2022-11-30 14:46:31+00:00;25,97;25,98;25,98;100;1669819591178;buy;100,0
2022-11-30 14:46:33+00:00;25,97;25,98;25,98;100;1669819593279;buy;100,0
2022-11-30 14:46:33+00:00;25,97;25,98;25,98;1500;1669819593606;buy;1500,0
2022-11-30 14:46:34+00:00;25,97;25,98;25,98;300;1669819594624;buy;300,0
2022-11-30 14:46:35+00:00;25,97;25,98;25,98;100;1669819595181;buy;100,0
2022-11-30 14:46:35+00:00;25,97;25,98;25,98;200;1669819595619;buy;200,0
2022-11-30 14:46:35+00:00;25,97;25,98;25,97;300;1669819595999;sell;300,0
2022-11-30 14:46:38+00:00;25,97;25,98;25,98;300;1669819598146;buy;300,0
2022-11-30 14:46:38+00:00;25,97;25,98;25,98;200;1669819598952;buy;200,0
2022-11-30 14:46:40+00:00;25,97;25,98;25,97;100;1669819600695;sell;100,0
2022-11-30 14:46:41+00:00;25,97;25,98;25,98;300;1669819601007;buy;300,0
2022-11-30 14:46:41+00:00;25,97;25,98;25,97;100;1669819601896;sell;100,0
2022-11-30 14:46:42+00:00;25,97;25,98;25,98;100;1669819602485;buy;100,0
2022-11-30 14:46:43+00:00;25,97;25,98;25,98;100;1669819603159;buy;100,0
2022-11-30 14:46:43+00:00;25,97;25,98;25,98;100;1669819603208;buy;100,0
2022-11-30 14:46:47+00:00;25,97;25,98;25,98;100;1669819607318;buy;100,0
2022-11-30 14:46:49+00:00;25,97;25,98;25,97;100;1669819609387;sell;100,0
2022-11-30 14:46:51+00:00;25,97;25,98;25,98;100;1669819611215;buy;100,0
2022-11-30 14:46:51+00:00;25,97;25,98;25,98;100;1669819611225;buy;100,0
2022-11-30 14:46:52+00:00;25,97;25,98;25,98;300;1669819612157;buy;300,0
2022-11-30 14:46:54+00:00;25,97;25,98;25,98;100;1669819614428;buy;100,0
2022-11-30 14:46:54+00:00;25,97;25,98;25,98;200;1669819614542;buy;200,0
2022-11-30 14:46:55+00:00;25,97;25,98;25,98;100;1669819615141;buy;100,0
2022-11-30 14:46:55+00:00;25,97;25,98;25,98;2000;1669819615312;buy;2000,0
2022-11-30 14:46:58+00:00;25,97;25,98;25,98;200;1669819618832;buy;200,0
2022-11-30 14:46:59+00:00;25,97;25,98;25,98;100;1669819619029;buy;100,0
2022-11-30 14:46:59+00:00;25,97;25,98;25,97;100;1669819619207;sell;100,0
2022-11-30 14:47:00+00:00;25,97;25,98;25,98;100;1669819620721;buy;100,0
2022-11-30 14:47:01+00:00;25,97;25,98;25,98;400;1669819621567;buy;400,0
2022-11-30 14:47:02+00:00;25,97;25,98;25,98;100;1669819622944;buy;100,0
2022-11-30 14:47:03+00:00;25,97;25,98;25,98;100;1669819623202;buy;100,0
2022-11-30 14:47:03+00:00;25,97;25,98;25,98;700;1669819623402;buy;700,0
2022-11-30 14:47:04+00:00;25,97;25,98;25,98;300;1669819624141;buy;300,0
2022-11-30 14:47:06+00:00;25,97;25,98;25,98;100;1669819626164;buy;100,0
2022-11-30 14:47:06+00:00;25,97;25,98;25,98;200;1669819626572;buy;200,0
2022-11-30 14:47:07+00:00;25,98;25,99;25,99;100;1669819627013;buy;100,0
2022-11-30 14:47:07+00:00;25,98;25,99;25,99;300;1669819627872;buy;300,0
2022-11-30 14:47:08+00:00;25,98;25,99;25,99;100;1669819628127;buy;100,0
2022-11-30 14:47:08+00:00;25,98;25,99;25,99;100;1669819628739;buy;100,0
2022-11-30 14:47:08+00:00;25,98;25,99;25,99;400;1669819628861;buy;400,0
2022-11-30 14:47:12+00:00;25,98;25,99;25,99;100;1669819632164;buy;100,0
2022-11-30 14:47:12+00:00;25,98;25,99;25,99;600;1669819632757;buy;600,0
2022-11-30 14:47:14+00:00;25,98;25,99;25,99;15100;1669819634373;buy;15100,0
2022-11-30 14:47:14+00:00;25,98;25,99;26,0;8800;1669819634373;buy;8800,0
2022-11-30 14:47:14+00:00;25,98;25,99;26,0;33700;1669819634373;buy;33700,0
2022-11-30 14:47:14+00:00;25,98;26,0;26,0;100;1669819634665;buy;100,0
2022-11-30 14:47:15+00:00;25,99;26,0;26,0;100;1669819635433;buy;100,0
2022-11-30 14:47:16+00:00;25,99;26,0;26,0;300;1669819636160;buy;300,0
2022-11-30 14:47:17+00:00;25,99;26,0;26,0;500;1669819637767;buy;500,0
2022-11-30 14:47:18+00:00;25,99;26,0;25,99;10200;1669819638804;sell;10200,0
2022-11-30 14:47:19+00:00;25,99;26,0;26,0;100;1669819639190;buy;100,0
2022-11-30 14:47:19+00:00;25,99;26,0;26,0;3700;1669819639387;buy;3700,0
2022-11-30 14:47:19+00:00;25,99;26,0;26,0;22600;1669819639634;buy;22600,0
2022-11-30 14:47:19+00:00;25,99;26,0;26,0;1900;1669819639634;buy;1900,0
2022-11-30 14:47:19+00:00;25,99;26,0;26,0;9300;1669819639674;buy;9300,0
2022-11-30 14:47:19+00:00;25,99;26,0;26,0;100;1669819639690;buy;100,0
2022-11-30 14:47:21+00:00;25,99;26,0;25,99;200;1669819641789;sell;200,0
2022-11-30 14:47:22+00:00;25,99;26,0;26,0;200;1669819642780;buy;200,0
2022-11-30 14:47:23+00:00;25,99;26,0;26,0;100;1669819643226;buy;100,0
2022-11-30 14:47:24+00:00;25,99;26,0;26,0;10000;1669819644067;buy;10000,0
2022-11-30 14:47:25+00:00;25,99;26,0;25,99;100;1669819645165;sell;100,0
2022-11-30 14:47:25+00:00;25,99;26,0;26,0;1600;1669819645272;buy;1600,0
2022-11-30 14:47:26+00:00;25,99;26,0;26,0;100;1669819646837;buy;100,0
2022-11-30 14:47:28+00:00;25,99;26,0;26,0;300;1669819648241;buy;300,0
2022-11-30 14:47:28+00:00;25,99;26,0;26,0;600;1669819648804;buy;600,0
2022-11-30 14:47:29+00:00;25,99;26,0;26,0;100;1669819649143;buy;100,0
2022-11-30 14:47:29+00:00;25,99;26,0;26,0;100;1669819649733;buy;100,0
2022-11-30 14:47:29+00:00;25,99;26,0;26,0;100;1669819649741;buy;100,0
2022-11-30 14:47:30+00:00;25,99;26,0;26,0;100;1669819650711;buy;100,0
2022-11-30 14:47:30+00:00;25,99;26,0;26,0;100;1669819650713;buy;100,0
2022-11-30 14:47:31+00:00;25,99;26,0;26,0;100;1669819651262;buy;100,0
2022-11-30 14:47:31+00:00;25,99;26,0;25,99;3800;1669819651278;sell;3800,0
2022-11-30 14:47:32+00:00;25,99;26,0;26,0;100;1669819652213;buy;100,0
2022-11-30 14:47:32+00:00;25,99;26,0;26,0;400;1669819652819;buy;400,0
2022-11-30 14:47:32+00:00;25,99;26,0;26,0;200;1669819652879;buy;200,0
2022-11-30 14:47:35+00:00;25,99;26,0;26,0;100;1669819655161;buy;100,0
2022-11-30 14:47:35+00:00;25,99;26,0;26,0;100;1669819655221;buy;100,0
2022-11-30 14:47:35+00:00;25,99;26,0;26,0;100;1669819655416;buy;100,0
2022-11-30 14:47:36+00:00;25,99;26,0;25,99;1000;1669819656919;sell;1000,0
2022-11-30 14:47:37+00:00;25,99;26,0;26,0;200;1669819657965;buy;200,0
2022-11-30 14:47:38+00:00;25,99;26,0;25,99;16300;1669819658817;sell;16300,0
2022-11-30 14:47:38+00:00;25,99;26,0;25,99;300;1669819658817;sell;300,0
2022-11-30 14:47:38+00:00;25,99;26,0;25,99;500;1669819658829;sell;500,0
2022-11-30 14:47:46+00:00;25,98;25,99;25,99;100;1669819666411;buy;100,0
2022-11-30 14:47:50+00:00;25,98;25,99;25,99;100;1669819670241;buy;100,0
2022-11-30 14:47:50+00:00;25,98;25,99;25,99;100;1669819670993;buy;100,0
2022-11-30 14:47:51+00:00;25,98;25,99;25,99;300;1669819671986;buy;300,0
2022-11-30 14:47:53+00:00;25,98;25,99;25,99;100;1669819673737;buy;100,0
2022-11-30 14:47:54+00:00;25,98;25,99;25,99;200;1669819674317;buy;200,0
2022-11-30 14:47:55+00:00;25,98;25,99;25,99;100;1669819675825;buy;100,0
2022-11-30 14:47:56+00:00;25,98;25,99;25,98;100;1669819676200;sell;100,0
2022-11-30 14:47:56+00:00;25,98;25,99;25,99;100;1669819676206;buy;100,0
2022-11-30 14:47:58+00:00;25,98;25,99;25,99;100;1669819678991;buy;100,0
2022-11-30 14:47:59+00:00;25,98;25,99;25,99;300;1669819679376;buy;300,0
2022-11-30 14:47:59+00:00;25,98;25,99;25,98;200;1669819679534;sell;200,0
2022-11-30 14:48:00+00:00;25,98;25,99;25,99;100;1669819680241;buy;100,0
2022-11-30 14:48:00+00:00;25,98;25,99;25,99;100;1669819680415;buy;100,0
2022-11-30 14:48:00+00:00;25,98;25,99;25,99;100;1669819680416;buy;100,0
2022-11-30 14:48:00+00:00;25,98;25,99;25,99;100;1669819680425;buy;100,0
2022-11-30 14:48:00+00:00;25,98;25,99;25,98;100;1669819680817;sell;100,0
2022-11-30 14:48:00+00:00;25,98;25,99;25,99;100;1669819680845;buy;100,0
2022-11-30 14:48:02+00:00;25,98;25,99;25,99;100;1669819682290;buy;100,0
2022-11-30 14:48:03+00:00;25,98;25,99;25,99;100;1669819683100;buy;100,0
2022-11-30 14:48:07+00:00;25,98;25,99;25,98;7100;1669819687513;sell;7100,0
2022-11-30 14:48:07+00:00;25,98;25,99;25,98;4400;1669819687513;sell;4400,0
2022-11-30 14:48:07+00:00;25,98;25,99;25,97;44100;1669819687513;sell;44100,0
2022-11-30 14:48:07+00:00;25,98;25,99;25,97;24700;1669819687513;sell;24700,0
2022-11-30 14:48:07+00:00;25,98;25,99;25,97;100;1669819687518;sell;100,0
2022-11-30 14:48:07+00:00;25,98;25,99;25,97;500;1669819687526;sell;500,0
2022-11-30 14:48:07+00:00;25,98;25,99;25,97;100;1669819687559;sell;100,0
2022-11-30 14:48:07+00:00;25,98;25,99;25,97;100;1669819687730;sell;100,0
2022-11-30 14:48:07+00:00;25,98;25,99;25,97;3900;1669819687902;sell;3900,0
2022-11-30 14:48:08+00:00;25,96;25,97;25,97;300;1669819688215;buy;300,0
2022-11-30 14:48:09+00:00;25,96;25,97;25,97;100;1669819689474;buy;100,0
2022-11-30 14:48:09+00:00;25,96;25,97;25,97;100;1669819689750;buy;100,0
2022-11-30 14:48:09+00:00;25,96;25,97;25,97;100;1669819689761;buy;100,0
2022-11-30 14:48:10+00:00;25,96;25,97;25,97;2000;1669819690793;buy;2000,0
2022-11-30 14:48:10+00:00;25,96;25,97;25,97;200;1669819690827;buy;200,0
2022-11-30 14:48:11+00:00;25,96;25,97;25,97;100;1669819691359;buy;100,0
2022-11-30 14:48:11+00:00;25,96;25,97;25,97;100;1669819691459;buy;100,0
2022-11-30 14:48:12+00:00;25,96;25,97;25,97;100;1669819692567;buy;100,0
2022-11-30 14:48:13+00:00;25,96;25,97;25,97;100;1669819693060;buy;100,0
2022-11-30 14:48:13+00:00;25,96;25,97;25,97;100;1669819693083;buy;100,0
2022-11-30 14:48:15+00:00;25,96;25,97;25,97;100;1669819695344;buy;100,0
2022-11-30 14:48:15+00:00;25,96;25,97;25,97;100;1669819695598;buy;100,0
2022-11-30 14:48:15+00:00;25,96;25,97;25,96;100;1669819695836;sell;100,0
2022-11-30 14:48:16+00:00;25,96;25,97;25,97;1000;1669819696045;buy;1000,0
2022-11-30 14:48:17+00:00;25,96;25,97;25,96;100;1669819697950;sell;100,0
2022-11-30 14:48:18+00:00;25,96;25,97;25,97;100;1669819698515;buy;100,0
2022-11-30 14:48:19+00:00;25,96;25,97;25,97;100;1669819699062;buy;100,0
2022-11-30 14:48:20+00:00;25,96;25,97;25,96;300;1669819700325;sell;300,0
2022-11-30 14:48:20+00:00;25,96;25,97;25,97;500;1669819700374;buy;500,0
2022-11-30 14:48:22+00:00;25,96;25,97;25,97;300;1669819702553;buy;300,0
2022-11-30 14:48:23+00:00;25,96;25,97;25,96;100;1669819703829;sell;100,0
2022-11-30 14:48:23+00:00;25,96;25,97;25,96;700;1669819703846;sell;700,0
2022-11-30 14:48:23+00:00;25,96;25,97;25,97;100;1669819703851;buy;100,0
2022-11-30 14:48:24+00:00;25,96;25,97;25,97;300;1669819704477;buy;300,0
2022-11-30 14:48:25+00:00;25,96;25,97;25,97;100;1669819705923;buy;100,0
2022-11-30 14:48:25+00:00;25,96;25,97;25,96;1200;1669819705960;sell;1200,0
2022-11-30 14:48:26+00:00;25,96;25,97;25,97;100;1669819706091;buy;100,0
2022-11-30 14:48:26+00:00;25,96;25,97;25,97;100;1669819706111;buy;100,0
2022-11-30 14:48:26+00:00;25,96;25,97;25,97;100;1669819706615;buy;100,0
2022-11-30 14:48:26+00:00;25,96;25,97;25,97;100;1669819706838;buy;100,0
2022-11-30 14:48:27+00:00;25,96;25,97;25,97;100;1669819707164;buy;100,0
2022-11-30 14:48:27+00:00;25,96;25,97;25,97;100;1669819707168;buy;100,0
2022-11-30 14:48:27+00:00;25,96;25,97;25,97;100;1669819707875;buy;100,0
2022-11-30 14:48:28+00:00;25,96;25,97;25,97;100;1669819708346;buy;100,0
2022-11-30 14:48:29+00:00;25,96;25,97;25,96;2400;1669819709839;sell;2400,0
2022-11-30 14:48:30+00:00;25,96;25,97;25,97;100;1669819710804;buy;100,0
2022-11-30 14:48:31+00:00;25,96;25,97;25,97;300;1669819711810;buy;300,0
2022-11-30 14:48:32+00:00;25,96;25,97;25,96;100;1669819712888;sell;100,0
2022-11-30 14:48:34+00:00;25,96;25,97;25,96;200;1669819714028;sell;200,0
2022-11-30 14:48:35+00:00;25,96;25,97;25,97;100;1669819715159;buy;100,0
2022-11-30 14:48:36+00:00;25,96;25,97;25,97;100;1669819716953;buy;100,0
2022-11-30 14:48:38+00:00;25,96;25,97;25,97;100;1669819718871;buy;100,0
2022-11-30 14:48:39+00:00;25,96;25,97;25,96;100;1669819719805;sell;100,0
2022-11-30 14:48:40+00:00;25,96;25,97;25,97;100;1669819720154;buy;100,0
2022-11-30 14:48:41+00:00;25,96;25,97;25,96;100;1669819721677;sell;100,0
2022-11-30 14:48:41+00:00;25,96;25,97;25,97;100;1669819721909;buy;100,0
2022-11-30 14:48:43+00:00;25,96;25,97;25,97;100;1669819723224;buy;100,0
2022-11-30 14:48:43+00:00;25,96;25,97;25,97;300;1669819723660;buy;300,0
2022-11-30 14:48:45+00:00;25,96;25,97;25,97;100;1669819725766;buy;100,0
2022-11-30 14:48:49+00:00;25,96;25,97;25,97;100;1669819729842;buy;100,0
2022-11-30 14:48:49+00:00;25,96;25,97;25,97;100;1669819729966;buy;100,0
2022-11-30 14:48:50+00:00;25,96;25,97;25,96;100;1669819730885;sell;100,0
2022-11-30 14:48:51+00:00;25,96;25,97;25,97;100;1669819731039;buy;100,0
2022-11-30 14:48:51+00:00;25,96;25,97;25,97;100;1669819731045;buy;100,0
2022-11-30 14:48:51+00:00;25,96;25,97;25,97;100;1669819731529;buy;100,0
2022-11-30 14:48:52+00:00;25,96;25,97;25,96;100;1669819732746;sell;100,0
2022-11-30 14:48:53+00:00;25,96;25,97;25,96;100;1669819733234;sell;100,0
2022-11-30 14:48:54+00:00;25,96;25,97;25,97;100;1669819734353;buy;100,0
2022-11-30 14:48:54+00:00;25,96;25,97;25,96;100;1669819734409;sell;100,0
2022-11-30 14:48:54+00:00;25,96;25,97;25,97;300;1669819734640;buy;300,0
2022-11-30 14:48:55+00:00;25,96;25,97;25,97;100;1669819735128;buy;100,0
2022-11-30 14:48:55+00:00;25,96;25,97;25,97;100;1669819735144;buy;100,0
2022-11-30 14:48:55+00:00;25,96;25,97;25,96;100;1669819735648;sell;100,0
2022-11-30 14:48:58+00:00;25,96;25,97;25,97;100;1669819738134;buy;100,0
2022-11-30 14:48:58+00:00;25,96;25,97;25,96;100;1669819738720;sell;100,0
2022-11-30 14:48:59+00:00;25,96;25,97;25,97;100;1669819739035;buy;100,0
2022-11-30 14:49:00+00:00;25,96;25,97;25,96;100;1669819740015;sell;100,0
2022-11-30 14:49:01+00:00;25,96;25,97;25,97;500;1669819741335;buy;500,0
2022-11-30 14:49:01+00:00;25,96;25,97;25,97;300;1669819741970;buy;300,0
2022-11-30 14:49:04+00:00;25,96;25,97;25,97;600;1669819744596;buy;600,0
2022-11-30 14:49:04+00:00;25,96;25,97;25,97;100;1669819744612;buy;100,0
2022-11-30 14:49:05+00:00;25,96;25,97;25,97;300;1669819745446;buy;300,0
2022-11-30 14:49:06+00:00;25,96;25,97;25,96;500;1669819746445;sell;500,0
2022-11-30 14:49:07+00:00;25,96;25,97;25,97;100;1669819747032;buy;100,0
2022-11-30 14:49:07+00:00;25,96;25,97;25,97;300;1669819747057;buy;300,0
2022-11-30 14:49:07+00:00;25,96;25,97;25,96;100;1669819747451;sell;100,0
2022-11-30 14:49:07+00:00;25,96;25,97;25,97;100;1669819747649;buy;100,0
2022-11-30 14:49:08+00:00;25,96;25,97;25,96;100;1669819748275;sell;100,0
2022-11-30 14:49:08+00:00;25,96;25,97;25,97;800;1669819748433;buy;800,0
2022-11-30 14:49:08+00:00;25,96;25,97;25,97;100;1669819748944;buy;100,0
2022-11-30 14:49:09+00:00;25,96;25,97;25,97;100;1669819749465;buy;100,0
2022-11-30 14:49:09+00:00;25,96;25,97;25,97;100;1669819749805;buy;100,0
2022-11-30 14:49:09+00:00;25,96;25,97;25,97;100;1669819749821;buy;100,0
2022-11-30 14:49:10+00:00;25,96;25,97;25,97;100;1669819750743;buy;100,0
2022-11-30 14:49:10+00:00;25,96;25,97;25,97;100;1669819750751;buy;100,0
2022-11-30 14:49:12+00:00;25,96;25,97;25,97;100;1669819752846;buy;100,0
2022-11-30 14:49:12+00:00;25,96;25,97;25,97;100;1669819752900;buy;100,0
2022-11-30 14:49:12+00:00;25,96;25,97;25,97;11000;1669819752979;buy;11000,0
2022-11-30 14:49:12+00:00;25,96;25,97;25,97;1700;1669819752979;buy;1700,0
2022-11-30 14:49:12+00:00;25,96;25,97;25,97;200;1669819752997;buy;200,0
2022-11-30 14:49:13+00:00;25,96;25,97;25,97;100;1669819753004;buy;100,0
2022-11-30 14:49:13+00:00;25,96;25,97;25,97;100;1669819753010;buy;100,0
2022-11-30 14:49:13+00:00;25,96;25,97;25,98;1400;1669819753035;buy;1400,0
2022-11-30 14:49:13+00:00;25,96;25,97;25,98;1900;1669819753037;buy;1900,0
2022-11-30 14:49:13+00:00;25,96;25,97;25,98;200;1669819753061;buy;200,0
2022-11-30 14:49:13+00:00;25,97;25,98;25,98;600;1669819753341;buy;600,0
2022-11-30 14:49:13+00:00;25,97;25,98;25,98;100;1669819753395;buy;100,0
2022-11-30 14:49:14+00:00;25,97;25,98;25,98;100;1669819754804;buy;100,0
2022-11-30 14:49:14+00:00;25,97;25,98;25,98;100;1669819754859;buy;100,0
2022-11-30 14:49:15+00:00;25,97;25,98;25,98;100;1669819755110;buy;100,0
2022-11-30 14:49:15+00:00;25,97;25,98;25,98;100;1669819755707;buy;100,0
2022-11-30 14:49:16+00:00;25,97;25,98;25,98;100;1669819756519;buy;100,0
2022-11-30 14:49:17+00:00;25,97;25,98;25,98;100;1669819757370;buy;100,0
2022-11-30 14:49:17+00:00;25,97;25,98;25,98;100;1669819757426;buy;100,0
2022-11-30 14:49:17+00:00;25,97;25,98;25,97;100;1669819757485;sell;100,0
2022-11-30 14:49:18+00:00;25,97;25,98;25,98;1600;1669819758543;buy;1600,0
2022-11-30 14:49:18+00:00;25,97;25,98;25,98;100;1669819758612;buy;100,0
2022-11-30 14:49:18+00:00;25,97;25,98;25,98;300;1669819758796;buy;300,0
2022-11-30 14:49:18+00:00;25,97;25,98;25,98;100;1669819758798;buy;100,0
2022-11-30 14:49:18+00:00;25,97;25,98;25,98;300;1669819758929;buy;300,0
2022-11-30 14:49:19+00:00;25,97;25,98;25,98;100;1669819759018;buy;100,0
2022-11-30 14:49:19+00:00;25,97;25,98;25,98;200;1669819759219;buy;200,0
2022-11-30 14:49:19+00:00;25,97;25,98;25,98;1500;1669819759959;buy;1500,0
2022-11-30 14:49:19+00:00;25,97;25,98;25,99;200;1669819759964;buy;200,0
2022-11-30 14:49:19+00:00;25,97;25,98;25,99;1300;1669819759964;buy;1300,0
2022-11-30 14:49:20+00:00;25,97;25,98;25,99;200;1669819760017;buy;200,0
2022-11-30 14:49:20+00:00;25,97;25,98;25,98;500;1669819760109;buy;500,0
2022-11-30 14:49:20+00:00;25,97;25,98;25,98;1900;1669819760110;buy;1900,0
2022-11-30 14:49:20+00:00;25,97;25,98;25,98;500;1669819760113;buy;500,0
2022-11-30 14:49:20+00:00;25,97;25,98;25,98;300;1669819760128;buy;300,0
2022-11-30 14:49:20+00:00;25,97;25,98;25,98;100;1669819760829;buy;100,0
2022-11-30 14:49:21+00:00;25,97;25,98;25,97;200;1669819761671;sell;200,0
2022-11-30 14:49:26+00:00;25,97;25,98;25,97;300;1669819766026;sell;300,0
2022-11-30 14:49:26+00:00;25,97;25,98;25,97;1800;1669819766047;sell;1800,0
2022-11-30 14:49:26+00:00;25,97;25,98;25,97;10300;1669819766049;sell;10300,0
2022-11-30 14:49:26+00:00;25,97;25,98;25,97;500;1669819766068;sell;500,0
2022-11-30 14:49:26+00:00;25,97;25,98;25,97;1400;1669819766102;sell;1400,0
2022-11-30 14:49:26+00:00;25,96;25,97;25,97;600;1669819766422;buy;600,0
2022-11-30 14:49:26+00:00;25,96;25,97;25,97;100;1669819766489;buy;100,0
2022-11-30 14:49:26+00:00;25,96;25,97;25,97;300;1669819766750;buy;300,0
2022-11-30 14:49:27+00:00;25,96;25,97;25,97;100;1669819767603;buy;100,0
2022-11-30 14:49:27+00:00;25,96;25,97;25,97;100;1669819767608;buy;100,0
2022-11-30 14:49:28+00:00;25,96;25,97;25,96;100;1669819768111;sell;100,0
2022-11-30 14:49:28+00:00;25,96;25,97;25,97;300;1669819768115;buy;300,0
2022-11-30 14:49:30+00:00;25,96;25,97;25,96;100;1669819770177;sell;100,0
2022-11-30 14:49:30+00:00;25,96;25,97;25,97;100;1669819770918;buy;100,0
2022-11-30 14:49:31+00:00;25,96;25,97;25,97;100;1669819771107;buy;100,0
2022-11-30 14:49:32+00:00;25,96;25,97;25,97;100;1669819772914;buy;100,0
2022-11-30 14:49:34+00:00;25,96;25,97;25,97;2300;1669819774533;buy;2300,0
2022-11-30 14:49:34+00:00;25,96;25,97;25,97;300;1669819774590;buy;300,0
2022-11-30 14:49:35+00:00;25,96;25,97;25,97;300;1669819775619;buy;300,0
2022-11-30 14:49:38+00:00;25,96;25,97;25,97;100;1669819778001;buy;100,0
2022-11-30 14:49:39+00:00;25,96;25,97;25,97;100;1669819779089;buy;100,0
2022-11-30 14:49:39+00:00;25,96;25,97;25,97;100;1669819779124;buy;100,0
2022-11-30 14:49:39+00:00;25,96;25,97;25,97;300;1669819779270;buy;300,0
2022-11-30 14:49:41+00:00;25,96;25,97;25,97;800;1669819781235;buy;800,0
2022-11-30 14:49:41+00:00;25,96;25,97;25,97;100;1669819781276;buy;100,0
2022-11-30 14:49:42+00:00;25,96;25,97;25,97;300;1669819782069;buy;300,0
2022-11-30 14:49:44+00:00;25,96;25,97;25,97;100;1669819784989;buy;100,0
2022-11-30 14:49:45+00:00;25,96;25,97;25,97;100;1669819785495;buy;100,0
2022-11-30 14:49:45+00:00;25,96;25,97;25,97;100;1669819785886;buy;100,0
2022-11-30 14:49:46+00:00;25,96;25,97;25,96;100;1669819786107;sell;100,0
2022-11-30 14:49:46+00:00;25,96;25,97;25,97;100;1669819786188;buy;100,0
2022-11-30 14:49:46+00:00;25,96;25,97;25,96;100;1669819786528;sell;100,0
2022-11-30 14:49:47+00:00;25,96;25,97;25,97;100;1669819787132;buy;100,0
2022-11-30 14:49:47+00:00;25,96;25,97;25,96;200;1669819787876;sell;200,0
2022-11-30 14:49:50+00:00;25,96;25,97;25,97;400;1669819790194;buy;400,0
2022-11-30 14:49:50+00:00;25,96;25,97;25,97;300;1669819790923;buy;300,0
2022-11-30 14:49:51+00:00;25,96;25,97;25,97;100;1669819791000;buy;100,0
2022-11-30 14:49:51+00:00;25,96;25,97;25,96;14200;1669819791002;sell;14200,0
2022-11-30 14:49:51+00:00;25,96;25,97;25,96;900;1669819791002;sell;900,0
2022-11-30 14:49:51+00:00;25,96;25,97;25,96;500;1669819791014;sell;500,0
2022-11-30 14:49:51+00:00;25,96;25,97;25,96;1700;1669819791059;sell;1700,0
2022-11-30 14:49:52+00:00;25,95;25,96;25,96;100;1669819792313;buy;100,0
2022-11-30 14:49:52+00:00;25,95;25,96;25,95;7900;1669819792817;sell;7900,0
2022-11-30 14:49:52+00:00;25,95;25,96;25,95;2400;1669819792817;sell;2400,0
2022-11-30 14:49:52+00:00;25,95;25,96;25,96;1200;1669819792833;buy;1200,0
2022-11-30 14:49:53+00:00;25,95;25,96;25,95;9800;1669819793817;sell;9800,0
2022-11-30 14:49:53+00:00;25,95;25,96;25,96;1100;1669819793895;buy;1100,0
2022-11-30 14:49:54+00:00;25,95;25,96;25,95;10500;1669819794817;sell;10500,0
2022-11-30 14:49:54+00:00;25,95;25,96;25,96;1100;1669819794885;buy;1100,0
2022-11-30 14:49:55+00:00;25,95;25,96;25,95;100;1669819795977;sell;100,0
2022-11-30 14:49:56+00:00;25,95;25,96;25,96;300;1669819796981;buy;300,0
2022-11-30 14:49:56+00:00;25,95;25,96;25,96;100;1669819796984;buy;100,0
2022-11-30 14:49:57+00:00;25,95;25,96;25,95;1000;1669819797337;sell;1000,0
2022-11-30 14:49:57+00:00;25,95;25,96;25,96;100;1669819797385;buy;100,0
2022-11-30 14:49:57+00:00;25,95;25,96;25,96;300;1669819797715;buy;300,0
2022-11-30 14:50:00+00:00;25,95;25,96;25,96;100;1669819800015;buy;100,0
2022-11-30 14:50:00+00:00;25,95;25,96;25,96;100;1669819800084;buy;100,0
2022-11-30 14:50:00+00:00;25,95;25,96;25,96;100;1669819800583;buy;100,0
2022-11-30 14:50:02+00:00;25,95;25,96;25,95;1000;1669819802138;sell;1000,0
2022-11-30 14:50:02+00:00;25,95;25,96;25,96;200;1669819802142;buy;200,0
2022-11-30 14:50:03+00:00;25,95;25,96;25,96;100;1669819803066;buy;100,0
2022-11-30 14:50:03+00:00;25,95;25,96;25,96;100;1669819803085;buy;100,0
2022-11-30 14:50:03+00:00;25,95;25,96;25,96;1100;1669819803692;buy;1100,0
2022-11-30 14:50:03+00:00;25,95;25,96;25,96;100;1669819803745;buy;100,0
2022-11-30 14:50:06+00:00;25,95;25,96;25,96;100;1669819806292;buy;100,0
2022-11-30 14:50:07+00:00;25,95;25,96;25,96;100;1669819807046;buy;100,0
2022-11-30 14:50:07+00:00;25,95;25,96;25,96;100;1669819807179;buy;100,0
2022-11-30 14:50:07+00:00;25,95;25,96;25,96;100;1669819807186;buy;100,0
2022-11-30 14:50:10+00:00;25,95;25,96;25,96;100;1669819810938;buy;100,0
2022-11-30 14:50:10+00:00;25,95;25,96;25,96;100;1669819810940;buy;100,0
2022-11-30 14:50:11+00:00;25,95;25,96;25,96;100;1669819811108;buy;100,0
2022-11-30 14:50:11+00:00;25,95;25,96;25,96;2500;1669819811707;buy;2500,0
2022-11-30 14:50:11+00:00;25,95;25,96;25,96;200;1669819811710;buy;200,0
2022-11-30 14:50:11+00:00;25,95;25,96;25,95;700;1669819811778;sell;700,0
2022-11-30 14:50:11+00:00;25,95;25,96;25,96;100;1669819811782;buy;100,0
2022-11-30 14:50:12+00:00;25,95;25,96;25,96;100;1669819812050;buy;100,0
2022-11-30 14:50:12+00:00;25,95;25,96;25,96;2500;1669819812363;buy;2500,0
2022-11-30 14:50:12+00:00;25,95;25,96;25,96;300;1669819812405;buy;300,0
2022-11-30 14:50:12+00:00;25,95;25,96;25,95;100;1669819812497;sell;100,0
2022-11-30 14:50:12+00:00;25,95;25,96;25,96;100;1669819812560;buy;100,0
2022-11-30 14:50:12+00:00;25,95;25,96;25,95;100;1669819812856;sell;100,0
2022-11-30 14:50:12+00:00;25,95;25,96;25,95;16100;1669819812858;sell;16100,0
2022-11-30 14:50:12+00:00;25,95;25,96;25,95;2200;1669819812858;sell;2200,0
2022-11-30 14:50:12+00:00;25,95;25,96;25,95;500;1669819812885;sell;500,0
2022-11-30 14:50:12+00:00;25,95;25,96;25,95;2100;1669819812908;sell;2100,0
2022-11-30 14:50:12+00:00;25,95;25,96;25,94;100;1669819812912;sell;100,0
2022-11-30 14:50:13+00:00;25,94;25,95;25,94;700;1669819813292;sell;700,0
2022-11-30 14:50:13+00:00;25,94;25,95;25,94;100;1669819813300;sell;100,0
2022-11-30 14:50:13+00:00;25,94;25,95;25,94;100;1669819813300;sell;100,0
2022-11-30 14:50:13+00:00;25,94;25,95;25,94;300;1669819813304;sell;300,0
2022-11-30 14:50:13+00:00;25,94;25,95;25,94;1200;1669819813307;sell;1200,0
2022-11-30 14:50:13+00:00;25,94;25,95;25,94;3700;1669819813314;sell;3700,0
2022-11-30 14:50:13+00:00;25,94;25,95;25,94;20500;1669819813321;sell;20500,0
2022-11-30 14:50:13+00:00;25,94;25,95;25,93;1300;1669819813346;sell;1300,0
2022-11-30 14:50:13+00:00;25,94;25,95;25,93;200;1669819813346;sell;200,0
2022-11-30 14:50:13+00:00;25,94;25,95;25,94;700;1669819813347;sell;700,0
2022-11-30 14:50:13+00:00;25,94;25,95;25,94;500;1669819813349;sell;500,0
2022-11-30 14:50:13+00:00;25,94;25,95;25,94;600;1669819813363;sell;600,0
2022-11-30 14:50:13+00:00;25,94;25,95;25,94;100;1669819813367;sell;100,0
2022-11-30 14:50:13+00:00;25,94;25,95;25,93;500;1669819813375;sell;500,0
2022-11-30 14:50:13+00:00;25,94;25,95;25,93;100;1669819813384;sell;100,0
2022-11-30 14:50:13+00:00;25,94;25,95;25,94;1900;1669819813452;sell;1900,0
2022-11-30 14:50:13+00:00;25,94;25,95;25,93;100;1669819813455;sell;100,0
2022-11-30 14:50:13+00:00;25,94;25,95;25,93;100;1669819813469;sell;100,0
2022-11-30 14:50:13+00:00;25,94;25,95;25,94;100;1669819813511;sell;100,0
2022-11-30 14:50:14+00:00;25,93;25,94;25,94;1400;1669819814942;buy;1400,0
2022-11-30 14:50:15+00:00;25,93;25,94;25,94;200;1669819815103;buy;200,0
2022-11-30 14:50:16+00:00;25,93;25,94;25,94;900;1669819816193;buy;900,0
2022-11-30 14:50:16+00:00;25,93;25,94;25,94;100;1669819816236;buy;100,0
2022-11-30 14:50:16+00:00;25,93;25,94;25,94;200;1669819816383;buy;200,0
2022-11-30 14:50:18+00:00;25,93;25,95;25,95;2000;1669819818209;buy;2000,0
2022-11-30 14:50:18+00:00;25,93;25,95;25,95;200;1669819818215;buy;200,0
2022-11-30 14:50:20+00:00;25,94;25,95;25,95;100;1669819820092;buy;100,0
2022-11-30 14:50:21+00:00;25,94;25,95;25,95;1000;1669819821025;buy;1000,0
2022-11-30 14:50:21+00:00;25,94;25,95;25,95;100;1669819821074;buy;100,0
2022-11-30 14:50:21+00:00;25,94;25,95;25,95;100;1669819821981;buy;100,0
2022-11-30 14:50:22+00:00;25,94;25,95;25,95;100;1669819822020;buy;100,0
2022-11-30 14:50:23+00:00;25,94;25,95;25,95;100;1669819823163;buy;100,0
2022-11-30 14:50:24+00:00;25,94;25,95;25,95;100;1669819824410;buy;100,0
2022-11-30 14:50:26+00:00;25,94;25,95;25,94;200;1669819826893;sell;200,0
2022-11-30 14:50:27+00:00;25,94;25,95;25,95;600;1669819827937;buy;600,0
2022-11-30 14:50:27+00:00;25,94;25,95;25,95;100;1669819827944;buy;100,0
2022-11-30 14:50:30+00:00;25,95;25,96;25,96;300;1669819830818;buy;300,0
2022-11-30 14:50:30+00:00;25,95;25,96;25,96;100;1669819830904;buy;100,0
2022-11-30 14:50:31+00:00;25,95;25,96;25,96;100;1669819831181;buy;100,0
2022-11-30 14:50:32+00:00;25,95;25,96;25,96;6900;1669819832672;buy;6900,0
2022-11-30 14:50:32+00:00;25,95;25,96;25,96;800;1669819832700;buy;800,0
2022-11-30 14:50:33+00:00;25,95;25,96;25,96;100;1669819833171;buy;100,0
2022-11-30 14:50:33+00:00;25,95;25,96;25,96;100;1669819833838;buy;100,0
2022-11-30 14:50:34+00:00;25,95;25,96;25,96;100;1669819834323;buy;100,0
2022-11-30 14:50:34+00:00;25,95;25,96;25,95;800;1669819834499;sell;800,0
2022-11-30 14:50:34+00:00;25,95;25,96;25,96;100;1669819834502;buy;100,0
2022-11-30 14:50:35+00:00;25,95;25,96;25,96;4300;1669819835160;buy;4300,0
2022-11-30 14:50:35+00:00;25,95;25,96;25,97;500;1669819835165;buy;500,0
2022-11-30 14:50:35+00:00;25,95;25,96;25,96;400;1669819835433;buy;400,0
2022-11-30 14:50:35+00:00;25,95;25,96;25,96;100;1669819835451;buy;100,0
2022-11-30 14:50:36+00:00;25,95;25,96;25,96;100;1669819836379;buy;100,0
2022-11-30 14:50:36+00:00;25,95;25,96;25,96;100;1669819836451;buy;100,0
2022-11-30 14:50:37+00:00;25,95;25,96;25,96;500;1669819837523;buy;500,0
2022-11-30 14:50:39+00:00;25,95;25,96;25,96;100;1669819839029;buy;100,0
2022-11-30 14:50:41+00:00;25,95;25,96;25,96;300;1669819841433;buy;300,0
2022-11-30 14:50:41+00:00;25,95;25,96;25,96;100;1669819841458;buy;100,0
2022-11-30 14:50:42+00:00;25,95;25,96;25,95;200;1669819842606;sell;200,0
2022-11-30 14:50:43+00:00;25,95;25,96;25,95;100;1669819843478;sell;100,0
2022-11-30 14:50:45+00:00;25,95;25,96;25,96;100;1669819845942;buy;100,0
2022-11-30 14:50:46+00:00;25,95;25,96;25,96;100;1669819846674;buy;100,0
2022-11-30 14:50:47+00:00;25,95;25,96;25,96;100;1669819847087;buy;100,0
2022-11-30 14:50:47+00:00;25,95;25,96;25,96;100;1669819847226;buy;100,0
2022-11-30 14:50:49+00:00;25,95;25,96;25,96;100;1669819849370;buy;100,0
2022-11-30 14:50:50+00:00;25,95;25,96;25,95;100;1669819850919;sell;100,0
2022-11-30 14:50:50+00:00;25,95;25,96;25,96;100;1669819850938;buy;100,0
2022-11-30 14:50:51+00:00;25,95;25,96;25,96;100;1669819851199;buy;100,0
2022-11-30 14:50:51+00:00;25,95;25,96;25,96;100;1669819851309;buy;100,0
2022-11-30 14:50:53+00:00;25,95;25,96;25,96;300;1669819853290;buy;300,0
2022-11-30 14:50:55+00:00;25,95;25,96;25,96;100;1669819855132;buy;100,0
2022-11-30 14:50:57+00:00;25,95;25,96;25,96;2000;1669819857537;buy;2000,0
2022-11-30 14:50:57+00:00;25,95;25,96;25,96;200;1669819857579;buy;200,0
2022-11-30 14:50:58+00:00;25,95;25,96;25,96;100;1669819858375;buy;100,0
2022-11-30 14:50:58+00:00;25,95;25,96;25,96;100;1669819858440;buy;100,0
2022-11-30 14:50:58+00:00;25,95;25,96;25,96;300;1669819858859;buy;300,0
2022-11-30 14:50:59+00:00;25,95;25,96;25,95;2500;1669819859270;sell;2500,0
2022-11-30 14:50:59+00:00;25,95;25,96;25,96;300;1669819859289;buy;300,0
2022-11-30 14:51:00+00:00;25,95;25,96;25,95;2500;1669819860405;sell;2500,0
2022-11-30 14:51:00+00:00;25,95;25,96;25,96;200;1669819860435;buy;200,0
2022-11-30 14:51:00+00:00;25,95;25,96;25,96;100;1669819860482;buy;100,0
2022-11-30 14:51:00+00:00;25,95;25,96;25,96;100;1669819860513;buy;100,0
2022-11-30 14:51:00+00:00;25,95;25,96;25,96;100;1669819860530;buy;100,0
2022-11-30 14:51:00+00:00;25,95;25,96;25,96;100;1669819860945;buy;100,0
2022-11-30 14:51:02+00:00;25,95;25,96;25,95;2500;1669819862076;sell;2500,0
2022-11-30 14:51:02+00:00;25,95;25,96;25,96;300;1669819862130;buy;300,0
2022-11-30 14:51:02+00:00;25,95;25,96;25,96;1200;1669819862886;buy;1200,0
2022-11-30 14:51:02+00:00;25,95;25,96;25,97;100;1669819862909;buy;100,0
2022-11-30 14:51:03+00:00;25,95;25,96;25,97;100;1669819863022;buy;100,0
2022-11-30 14:51:03+00:00;25,95;25,97;25,97;100;1669819863202;buy;100,0
2022-11-30 14:51:05+00:00;25,96;25,97;25,96;900;1669819865681;sell;900,0
2022-11-30 14:51:05+00:00;25,96;25,97;25,96;500;1669819865684;sell;500,0
2022-11-30 14:51:05+00:00;25,95;25,96;25,96;200;1669819865725;buy;200,0
2022-11-30 14:51:05+00:00;25,95;25,96;25,96;800;1669819865915;buy;800,0
2022-11-30 14:51:05+00:00;25,95;25,96;25,96;100;1669819865966;buy;100,0
2022-11-30 14:51:06+00:00;25,95;25,96;25,96;900;1669819866145;buy;900,0
2022-11-30 14:51:06+00:00;25,95;25,96;25,97;100;1669819866203;buy;100,0
2022-11-30 14:51:06+00:00;25,95;25,96;25,97;100;1669819866203;buy;100,0
2022-11-30 14:51:06+00:00;25,96;25,97;25,97;100;1669819866253;buy;100,0
2022-11-30 14:51:08+00:00;25,96;25,97;25,96;100;1669819868794;sell;100,0
2022-11-30 14:51:08+00:00;25,96;25,97;25,96;3100;1669819868991;sell;3100,0
2022-11-30 14:51:08+00:00;25,96;25,97;25,96;500;1669819868994;sell;500,0
2022-11-30 14:51:09+00:00;25,96;25,97;25,96;400;1669819869053;sell;400,0
2022-11-30 14:51:09+00:00;25,96;25,97;25,96;300;1669819869053;sell;300,0
2022-11-30 14:51:09+00:00;25,96;25,97;25,97;100;1669819869108;buy;100,0
2022-11-30 14:51:11+00:00;25,95;25,97;25,95;40000;1669819871271;sell;40000,0
2022-11-30 14:51:11+00:00;25,95;25,97;25,96;700;1669819871297;both;700,0
2022-11-30 14:51:11+00:00;25,95;25,97;25,96;1700;1669819871298;both;1700,0
2022-11-30 14:51:11+00:00;25,95;25,97;25,96;200;1669819871327;both;200,0
2022-11-30 14:51:11+00:00;25,95;25,97;25,96;100;1669819871327;both;100,0
2022-11-30 14:51:11+00:00;25,95;25,97;25,96;100;1669819871478;both;100,0
2022-11-30 14:51:11+00:00;25,95;25,97;25,96;100;1669819871507;both;100,0
2022-11-30 14:51:12+00:00;25,95;25,96;25,96;21000;1669819872881;buy;21000,0
2022-11-30 14:51:12+00:00;25,95;25,96;25,97;24600;1669819872881;buy;24600,0
2022-11-30 14:51:12+00:00;25,95;25,96;25,97;4400;1669819872881;buy;4400,0
2022-11-30 14:51:12+00:00;25,95;25,96;25,97;5500;1669819872932;buy;5500,0
2022-11-30 14:51:12+00:00;25,95;25,96;25,97;5600;1669819872932;buy;5600,0
2022-11-30 14:51:12+00:00;25,95;25,96;25,96;100;1669819872945;buy;100,0
2022-11-30 14:51:12+00:00;25,95;25,96;25,97;600;1669819872957;buy;600,0
2022-11-30 14:51:12+00:00;25,95;25,96;25,97;600;1669819872958;buy;600,0
2022-11-30 14:51:13+00:00;25,95;25,96;25,97;100;1669819873009;buy;100,0
2022-11-30 14:51:13+00:00;25,95;25,96;25,97;100;1669819873009;buy;100,0
2022-11-30 14:51:13+00:00;25,96;25,97;25,97;300;1669819873425;buy;300,0
2022-11-30 14:51:13+00:00;25,96;25,97;25,98;100;1669819873446;buy;100,0
2022-11-30 14:51:13+00:00;25,96;25,97;25,98;1800;1669819873446;buy;1800,0
2022-11-30 14:51:13+00:00;25,96;25,97;25,98;200;1669819873505;buy;200,0
2022-11-30 14:51:13+00:00;25,96;25,97;25,98;200;1669819873506;buy;200,0
2022-11-30 14:51:14+00:00;25,97;25,98;25,98;3100;1669819874014;buy;3100,0
2022-11-30 14:51:14+00:00;25,97;25,98;25,99;300;1669819874029;buy;300,0
2022-11-30 14:51:14+00:00;25,97;25,98;25,98;100;1669819874029;buy;100,0
2022-11-30 14:51:14+00:00;25,97;25,98;25,99;400;1669819874029;buy;400,0
2022-11-30 14:51:14+00:00;25,97;25,98;25,99;100;1669819874110;buy;100,0
2022-11-30 14:51:14+00:00;25,97;25,99;25,98;200;1669819874618;both;200,0
2022-11-30 14:51:14+00:00;25,97;25,99;25,99;100;1669819874642;buy;100,0
2022-11-30 14:51:15+00:00;25,98;25,99;25,99;100;1669819875110;buy;100,0
2022-11-30 14:51:16+00:00;25,98;25,99;25,99;1800;1669819876476;buy;1800,0
2022-11-30 14:51:16+00:00;25,98;25,99;25,99;200;1669819876488;buy;200,0
2022-11-30 14:51:16+00:00;25,98;25,99;25,99;200;1669819876489;buy;200,0
2022-11-30 14:51:17+00:00;25,98;25,99;25,99;100;1669819877322;buy;100,0
2022-11-30 14:51:17+00:00;25,98;25,99;25,99;100;1669819877992;buy;100,0
2022-11-30 14:51:18+00:00;25,98;25,99;25,99;100;1669819878000;buy;100,0
2022-11-30 14:51:18+00:00;25,98;25,99;25,99;100;1669819878004;buy;100,0
2022-11-30 14:51:19+00:00;25,98;25,99;25,99;900;1669819879171;buy;900,0
2022-11-30 14:51:19+00:00;25,98;25,99;25,99;100;1669819879228;buy;100,0
2022-11-30 14:51:19+00:00;25,98;25,99;25,99;100;1669819879229;buy;100,0
2022-11-30 14:51:19+00:00;25,98;25,99;25,98;300;1669819879400;sell;300,0
2022-11-30 14:51:19+00:00;25,98;25,99;25,99;100;1669819879405;buy;100,0
2022-11-30 14:51:22+00:00;25,98;25,99;25,99;100;1669819882117;buy;100,0
2022-11-30 14:51:22+00:00;25,98;25,99;25,98;100;1669819882302;sell;100,0
2022-11-30 14:51:22+00:00;25,98;25,99;25,99;500;1669819882811;buy;500,0
2022-11-30 14:51:22+00:00;25,98;25,99;25,99;100;1669819882890;buy;100,0
2022-11-30 14:51:22+00:00;25,98;25,99;25,99;100;1669819882891;buy;100,0
2022-11-30 14:51:23+00:00;25,98;25,99;25,99;100;1669819883088;buy;100,0
2022-11-30 14:51:23+00:00;25,98;25,99;25,99;100;1669819883885;buy;100,0
2022-11-30 14:51:25+00:00;25,98;25,99;25,99;300;1669819885136;buy;300,0
2022-11-30 14:51:25+00:00;25,98;25,99;25,99;100;1669819885145;buy;100,0
2022-11-30 14:51:25+00:00;25,98;25,99;25,98;200;1669819885225;sell;200,0
2022-11-30 14:51:25+00:00;25,98;25,99;25,99;100;1669819885265;buy;100,0
2022-11-30 14:51:26+00:00;25,98;25,99;25,99;26100;1669819886059;buy;26100,0
2022-11-30 14:51:26+00:00;25,98;25,99;25,99;2900;1669819886140;buy;2900,0
2022-11-30 14:51:26+00:00;25,98;25,99;25,99;3400;1669819886142;buy;3400,0
2022-11-30 14:51:26+00:00;25,98;25,99;25,99;100;1669819886144;buy;100,0
2022-11-30 14:51:26+00:00;25,98;25,99;26,0;400;1669819886190;buy;400,0
2022-11-30 14:51:26+00:00;25,98;25,99;26,0;5900;1669819886190;buy;5900,0
2022-11-30 14:51:26+00:00;25,98;25,99;26,0;3600;1669819886201;buy;3600,0
2022-11-30 14:51:26+00:00;25,98;25,99;26,0;1000;1669819886250;buy;1000,0
2022-11-30 14:51:26+00:00;25,98;25,99;26,0;700;1669819886251;buy;700,0
2022-11-30 14:51:26+00:00;25,98;25,99;26,0;100;1669819886303;buy;100,0
2022-11-30 14:51:26+00:00;25,98;25,99;26,0;100;1669819886304;buy;100,0
2022-11-30 14:51:30+00:00;25,99;26,0;26,0;100;1669819890610;buy;100,0
2022-11-30 14:51:31+00:00;25,99;26,0;26,0;100;1669819891155;buy;100,0
2022-11-30 14:51:31+00:00;25,99;26,0;26,0;100;1669819891186;buy;100,0
2022-11-30 14:51:31+00:00;25,99;26,0;26,0;100;1669819891797;buy;100,0
2022-11-30 14:51:32+00:00;25,99;26,0;26,0;100;1669819892323;buy;100,0
2022-11-30 14:51:34+00:00;25,99;26,0;26,0;100;1669819894304;buy;100,0
2022-11-30 14:51:34+00:00;25,99;26,0;26,0;100;1669819894344;buy;100,0
2022-11-30 14:51:35+00:00;25,99;26,0;26,0;100;1669819895563;buy;100,0
2022-11-30 14:51:39+00:00;25,99;26,0;26,0;100;1669819899199;buy;100,0
2022-11-30 14:51:40+00:00;25,99;26,0;26,0;300;1669819900557;buy;300,0
2022-11-30 14:51:40+00:00;25,99;26,0;26,0;100;1669819900570;buy;100,0
2022-11-30 14:51:41+00:00;25,99;26,0;26,0;200;1669819901314;buy;200,0
2022-11-30 14:51:41+00:00;25,99;26,0;25,99;3100;1669819901976;sell;3100,0
2022-11-30 14:51:42+00:00;25,99;26,0;26,0;300;1669819902016;buy;300,0
2022-11-30 14:51:42+00:00;25,99;26,0;26,0;400;1669819902017;buy;400,0
2022-11-30 14:51:42+00:00;25,99;26,0;26,0;100;1669819902088;buy;100,0
2022-11-30 14:51:43+00:00;25,99;26,0;25,99;100;1669819903434;sell;100,0
2022-11-30 14:51:45+00:00;25,99;26,0;26,0;100;1669819905362;buy;100,0
2022-11-30 14:51:45+00:00;25,99;26,0;26,0;100;1669819905424;buy;100,0
2022-11-30 14:51:45+00:00;25,99;26,0;25,99;11100;1669819905591;sell;11100,0
2022-11-30 14:51:45+00:00;25,99;26,0;25,99;200;1669819905591;sell;200,0
2022-11-30 14:51:45+00:00;25,98;26,0;26,0;1300;1669819905633;buy;1300,0
2022-11-30 14:51:45+00:00;25,98;26,0;26,0;1200;1669819905633;buy;1200,0
2022-11-30 14:51:45+00:00;25,98;26,0;25,99;100;1669819905684;both;100,0
2022-11-30 14:51:45+00:00;25,98;26,0;26,0;100;1669819905690;buy;100,0
2022-11-30 14:51:45+00:00;25,98;26,0;26,0;200;1669819905691;buy;200,0
2022-11-30 14:51:45+00:00;25,98;26,0;26,0;100;1669819905786;buy;100,0
2022-11-30 14:51:48+00:00;25,99;26,0;25,99;4800;1669819908134;sell;4800,0
2022-11-30 14:51:48+00:00;25,99;26,0;26,0;600;1669819908141;buy;600,0
2022-11-30 14:51:48+00:00;25,99;26,0;26,0;500;1669819908141;buy;500,0
2022-11-30 14:51:48+00:00;25,99;26,0;26,0;100;1669819908192;buy;100,0
2022-11-30 14:51:49+00:00;25,99;26,0;25,99;300;1669819909010;sell;300,0
2022-11-30 14:51:49+00:00;25,99;26,0;26,0;100;1669819909059;buy;100,0
2022-11-30 14:51:50+00:00;25,99;26,0;26,0;100;1669819910842;buy;100,0
2022-11-30 14:51:52+00:00;25,99;26,0;25,99;2500;1669819912119;sell;2500,0
2022-11-30 14:51:52+00:00;25,99;26,0;25,99;500;1669819912122;sell;500,0
2022-11-30 14:51:52+00:00;25,99;26,0;25,99;300;1669819912125;sell;300,0
2022-11-30 14:51:52+00:00;25,99;26,0;25,99;300;1669819912125;sell;300,0
2022-11-30 14:51:52+00:00;25,99;26,0;25,99;100;1669819912133;sell;100,0
2022-11-30 14:51:52+00:00;25,99;26,0;25,99;100;1669819912138;sell;100,0
2022-11-30 14:51:52+00:00;25,99;26,0;26,0;100;1669819912186;buy;100,0
2022-11-30 14:51:52+00:00;25,99;26,0;26,0;100;1669819912186;buy;100,0
2022-11-30 14:51:52+00:00;25,99;26,0;25,99;100;1669819912276;sell;100,0
2022-11-30 14:51:52+00:00;25,99;26,0;26,0;100;1669819912325;buy;100,0
2022-11-30 14:51:53+00:00;25,99;26,0;25,99;100;1669819913256;sell;100,0
2022-11-30 14:51:53+00:00;25,99;26,0;26,0;300;1669819913273;buy;300,0
2022-11-30 14:51:56+00:00;25,99;26,0;26,0;500;1669819916253;buy;500,0
2022-11-30 14:51:56+00:00;25,99;26,0;26,0;100;1669819916345;buy;100,0
2022-11-30 14:51:56+00:00;25,99;26,0;26,0;100;1669819916347;buy;100,0
2022-11-30 14:51:56+00:00;25,99;26,0;26,0;1000;1669819916447;buy;1000,0
2022-11-30 14:51:56+00:00;25,99;26,0;26,0;100;1669819916471;buy;100,0
2022-11-30 14:51:56+00:00;25,99;26,0;26,0;100;1669819916471;buy;100,0
2022-11-30 14:51:57+00:00;25,99;26,0;25,99;4800;1669819917317;sell;4800,0
2022-11-30 14:51:57+00:00;25,99;26,0;26,0;600;1669819917388;buy;600,0
2022-11-30 14:51:57+00:00;25,99;26,0;26,0;500;1669819917389;buy;500,0
2022-11-30 14:51:57+00:00;25,99;26,0;26,0;100;1669819917444;buy;100,0
2022-11-30 14:51:59+00:00;25,99;26,0;25,99;100;1669819919886;sell;100,0
2022-11-30 14:52:00+00:00;25,99;26,0;26,0;100;1669819920400;buy;100,0
2022-11-30 14:52:00+00:00;25,99;26,0;26,0;100;1669819920436;buy;100,0
2022-11-30 14:52:00+00:00;25,99;26,0;26,0;100;1669819920955;buy;100,0
2022-11-30 14:52:03+00:00;25,99;26,0;26,0;100;1669819923107;buy;100,0
2022-11-30 14:52:04+00:00;25,99;26,0;25,99;2600;1669819924269;sell;2600,0
2022-11-30 14:52:04+00:00;25,99;26,0;25,99;500;1669819924273;sell;500,0
2022-11-30 14:52:04+00:00;25,99;26,0;25,99;100;1669819924274;sell;100,0
2022-11-30 14:52:04+00:00;25,99;26,0;25,99;500;1669819924279;sell;500,0
2022-11-30 14:52:04+00:00;25,98;25,99;25,99;400;1669819924339;buy;400,0
2022-11-30 14:52:04+00:00;25,98;25,99;25,99;500;1669819924339;buy;500,0
2022-11-30 14:52:06+00:00;25,98;25,99;25,99;2000;1669819926179;buy;2000,0
2022-11-30 14:52:06+00:00;25,98;25,99;25,99;300;1669819926185;buy;300,0
2022-11-30 14:52:06+00:00;25,98;25,99;25,99;200;1669819926185;buy;200,0
2022-11-30 14:52:06+00:00;25,98;25,99;25,99;100;1669819926238;buy;100,0
2022-11-30 14:52:09+00:00;25,98;25,99;25,98;4400;1669819929392;sell;4400,0
2022-11-30 14:52:09+00:00;25,98;25,99;25,99;500;1669819929423;buy;500,0
2022-11-30 14:52:09+00:00;25,98;25,99;26,0;500;1669819929474;buy;500,0
2022-11-30 14:52:09+00:00;25,98;25,99;25,99;2500;1669819929652;buy;2500,0
2022-11-30 14:52:09+00:00;25,98;25,99;26,0;300;1669819929716;buy;300,0
2022-11-30 14:52:09+00:00;25,98;25,99;26,0;300;1669819929716;buy;300,0
2022-11-30 14:52:09+00:00;25,98;25,99;26,0;100;1669819929770;buy;100,0
2022-11-30 14:52:10+00:00;25,99;26,0;25,99;1600;1669819930159;sell;1600,0
2022-11-30 14:52:10+00:00;25,99;26,0;26,0;100;1669819930164;buy;100,0
2022-11-30 14:52:10+00:00;25,99;26,0;26,0;200;1669819930165;buy;200,0
2022-11-30 14:52:10+00:00;25,99;26,0;25,99;1000;1669819930168;sell;1000,0
2022-11-30 14:52:10+00:00;25,99;26,0;26,0;200;1669819930215;buy;200,0
2022-11-30 14:52:10+00:00;25,99;26,0;26,0;100;1669819930217;buy;100,0
2022-11-30 14:52:10+00:00;25,99;26,0;25,99;200;1669819930325;sell;200,0
2022-11-30 14:52:10+00:00;25,99;26,0;25,99;100;1669819930370;sell;100,0
2022-11-30 14:52:10+00:00;25,99;26,0;25,99;1300;1669819930370;sell;1300,0
2022-11-30 14:52:10+00:00;25,99;26,0;25,99;700;1669819930371;sell;700,0
2022-11-30 14:52:10+00:00;25,99;26,0;26,0;200;1669819930375;buy;200,0
2022-11-30 14:52:10+00:00;25,99;26,0;26,0;300;1669819930375;buy;300,0
2022-11-30 14:52:10+00:00;25,99;26,0;26,0;100;1669819930451;buy;100,0
2022-11-30 14:52:10+00:00;25,99;26,0;25,99;100;1669819930716;sell;100,0
2022-11-30 14:52:10+00:00;25,99;26,0;25,99;1500;1669819930819;sell;1500,0
2022-11-30 14:52:10+00:00;25,99;26,0;25,99;4100;1669819930820;sell;4100,0
2022-11-30 14:52:10+00:00;25,99;26,0;26,0;600;1669819930830;buy;600,0
2022-11-30 14:52:10+00:00;25,99;26,0;26,0;700;1669819930832;buy;700,0
2022-11-30 14:52:10+00:00;25,99;26,0;26,0;100;1669819930990;buy;100,0
2022-11-30 14:52:11+00:00;25,99;26,0;25,99;100;1669819931325;sell;100,0
2022-11-30 14:52:11+00:00;25,99;26,0;26,0;100;1669819931394;buy;100,0
2022-11-30 14:52:11+00:00;25,99;26,0;26,0;100;1669819931538;buy;100,0
2022-11-30 14:52:11+00:00;25,99;26,0;25,99;100;1669819931617;sell;100,0
2022-11-30 14:52:12+00:00;25,99;26,0;25,99;100;1669819932454;sell;100,0
2022-11-30 14:52:14+00:00;25,99;26,0;25,99;300;1669819934063;sell;300,0
2022-11-30 14:52:14+00:00;25,99;26,0;26,0;100;1669819934066;buy;100,0
2022-11-30 14:52:14+00:00;25,99;26,0;26,0;100;1669819934144;buy;100,0
2022-11-30 14:52:14+00:00;25,99;26,0;26,0;100;1669819934149;buy;100,0
2022-11-30 14:52:14+00:00;25,99;26,0;26,0;100;1669819934202;buy;100,0
2022-11-30 14:52:14+00:00;25,99;26,0;25,99;1000;1669819934779;sell;1000,0
2022-11-30 14:52:14+00:00;25,99;26,0;26,0;100;1669819934783;buy;100,0
2022-11-30 14:52:14+00:00;25,99;26,0;26,0;100;1669819934785;buy;100,0
2022-11-30 14:52:15+00:00;25,99;26,0;26,0;100;1669819935052;buy;100,0
2022-11-30 14:52:15+00:00;25,99;26,0;26,0;100;1669819935911;buy;100,0
2022-11-30 14:52:19+00:00;25,99;26,0;26,0;100;1669819939134;buy;100,0
2022-11-30 14:52:19+00:00;25,99;26,0;26,0;100;1669819939199;buy;100,0
2022-11-30 14:52:22+00:00;25,99;26,0;26,0;2500;1669819942090;buy;2500,0
2022-11-30 14:52:22+00:00;25,99;26,0;26,0;28200;1669819942091;buy;28200,0
2022-11-30 14:52:22+00:00;25,99;26,0;26,0;200;1669819942091;buy;200,0
2022-11-30 14:52:22+00:00;25,99;26,0;26,0;100;1669819942103;buy;100,0
2022-11-30 14:52:22+00:00;25,99;26,0;26,01;3400;1669819942136;buy;3400,0
2022-11-30 14:52:22+00:00;25,99;26,0;26,01;600;1669819942137;buy;600,0
2022-11-30 14:52:22+00:00;25,99;26,0;26,01;2700;1669819942137;buy;2700,0
2022-11-30 14:52:22+00:00;25,99;26,0;26,01;400;1669819942179;buy;400,0
2022-11-30 14:52:22+00:00;25,99;26,0;26,01;10000;1669819942260;buy;10000,0
2022-11-30 14:52:22+00:00;25,99;26,0;26,02;1100;1669819942292;buy;1100,0
2022-11-30 14:52:22+00:00;25,99;26,0;26,02;200;1669819942292;buy;200,0
2022-11-30 14:52:22+00:00;25,99;26,0;26,02;3300;1669819942336;buy;3300,0
2022-11-30 14:52:22+00:00;25,99;26,0;26,02;500;1669819942349;buy;500,0
2022-11-30 14:52:22+00:00;25,99;26,0;26,02;200;1669819942385;buy;200,0
2022-11-30 14:52:22+00:00;25,99;26,0;26,02;400;1669819942385;buy;400,0
2022-11-30 14:52:22+00:00;26,01;26,02;26,02;1000;1669819942555;buy;1000,0
2022-11-30 14:52:22+00:00;26,01;26,02;26,02;200;1669819942604;buy;200,0
2022-11-30 14:52:22+00:00;26,01;26,02;26,02;800;1669819942833;buy;800,0
2022-11-30 14:52:23+00:00;26,02;26,03;26,02;400;1669819943632;sell;400,0
2022-11-30 14:52:23+00:00;26,02;26,03;26,03;200;1669819943647;buy;200,0
2022-11-30 14:52:23+00:00;26,02;26,03;26,03;100;1669819943647;buy;100,0
2022-11-30 14:52:23+00:00;26,02;26,03;26,03;100;1669819943705;buy;100,0
2022-11-30 14:52:24+00:00;26,02;26,03;26,02;400;1669819944054;sell;400,0
2022-11-30 14:52:24+00:00;26,02;26,03;26,02;500;1669819944092;sell;500,0
2022-11-30 14:52:24+00:00;26,02;26,03;26,03;100;1669819944100;buy;100,0
2022-11-30 14:52:24+00:00;26,02;26,03;26,02;1500;1669819944262;sell;1500,0
2022-11-30 14:52:24+00:00;26,02;26,03;26,03;200;1669819944273;buy;200,0
2022-11-30 14:52:26+00:00;26,02;26,03;26,03;100;1669819946707;buy;100,0
2022-11-30 14:52:26+00:00;26,02;26,03;26,03;100;1669819946733;buy;100,0
2022-11-30 14:52:27+00:00;26,02;26,03;26,03;100;1669819947174;buy;100,0
2022-11-30 14:52:27+00:00;26,02;26,03;26,03;300;1669819947337;buy;300,0
2022-11-30 14:52:27+00:00;26,02;26,03;26,03;100;1669819947356;buy;100,0
2022-11-30 14:52:27+00:00;26,02;26,03;26,03;1900;1669819947382;buy;1900,0
2022-11-30 14:52:27+00:00;26,02;26,03;26,03;200;1669819947407;buy;200,0
2022-11-30 14:52:28+00:00;26,02;26,03;26,03;4000;1669819948655;buy;4000,0
2022-11-30 14:52:28+00:00;26,02;26,03;26,03;400;1669819948698;buy;400,0
2022-11-30 14:52:29+00:00;26,02;26,03;26,03;1200;1669819949272;buy;1200,0
2022-11-30 14:52:29+00:00;26,02;26,03;26,03;100;1669819949295;buy;100,0
2022-11-30 14:52:29+00:00;26,02;26,03;26,02;4800;1669819949990;sell;4800,0
2022-11-30 14:52:30+00:00;26,02;26,03;26,03;600;1669819950004;buy;600,0
2022-11-30 14:52:30+00:00;26,02;26,03;26,03;200;1669819950272;buy;200,0
2022-11-30 14:52:30+00:00;26,02;26,03;26,02;900;1669819950486;sell;900,0
2022-11-30 14:52:30+00:00;26,02;26,03;26,03;100;1669819950539;buy;100,0
2022-11-30 14:52:31+00:00;26,02;26,03;26,03;100;1669819951055;buy;100,0
2022-11-30 14:52:31+00:00;26,02;26,03;26,02;6000;1669819951261;sell;6000,0
2022-11-30 14:52:31+00:00;26,02;26,03;26,02;100;1669819951305;sell;100,0
2022-11-30 14:52:31+00:00;26,02;26,03;26,01;200;1669819951305;sell;200,0
2022-11-30 14:52:31+00:00;26,02;26,03;26,03;700;1669819951309;buy;700,0
2022-11-30 14:52:31+00:00;26,02;26,03;26,02;500;1669819951400;sell;500,0
2022-11-30 14:52:31+00:00;26,02;26,03;26,03;100;1669819951445;buy;100,0
2022-11-30 14:52:31+00:00;26,02;26,03;26,02;300;1669819951729;sell;300,0
2022-11-30 14:52:32+00:00;26,02;26,03;26,02;500;1669819952291;sell;500,0
2022-11-30 14:52:32+00:00;26,02;26,03;26,03;400;1669819952963;buy;400,0
2022-11-30 14:52:32+00:00;26,02;26,03;26,03;100;1669819952977;buy;100,0
2022-11-30 14:52:33+00:00;26,02;26,03;26,02;100;1669819953775;sell;100,0
2022-11-30 14:52:34+00:00;26,02;26,03;26,02;3800;1669819954011;sell;3800,0
2022-11-30 14:52:34+00:00;26,01;26,03;26,03;400;1669819954134;buy;400,0
2022-11-30 14:52:34+00:00;26,02;26,03;26,02;300;1669819954640;sell;300,0
2022-11-30 14:52:34+00:00;26,02;26,03;26,03;100;1669819954695;buy;100,0
2022-11-30 14:52:41+00:00;26,02;26,03;26,02;300;1669819961780;sell;300,0
2022-11-30 14:52:41+00:00;26,02;26,03;26,03;100;1669819961783;buy;100,0
2022-11-30 14:52:42+00:00;26,02;26,03;26,02;100;1669819962084;sell;100,0
2022-11-30 14:52:42+00:00;26,02;26,03;26,02;100;1669819962651;sell;100,0
2022-11-30 14:52:42+00:00;26,02;26,03;26,02;100;1669819962794;sell;100,0
2022-11-30 14:52:42+00:00;26,02;26,03;26,03;500;1669819962905;buy;500,0
2022-11-30 14:52:42+00:00;26,02;26,03;26,03;100;1669819962960;buy;100,0
2022-11-30 14:52:42+00:00;26,02;26,03;26,03;100;1669819962960;buy;100,0
2022-11-30 14:52:42+00:00;26,02;26,03;26,03;100;1669819962999;buy;100,0
2022-11-30 14:52:43+00:00;26,02;26,03;26,03;2000;1669819963395;buy;2000,0
2022-11-30 14:52:43+00:00;26,02;26,03;26,03;200;1669819963398;buy;200,0
2022-11-30 14:52:43+00:00;26,02;26,03;26,03;200;1669819963398;buy;200,0
2022-11-30 14:52:43+00:00;26,02;26,03;26,03;100;1669819963449;buy;100,0
2022-11-30 14:52:43+00:00;26,02;26,03;26,02;100;1669819963804;sell;100,0
2022-11-30 14:52:43+00:00;26,02;26,03;26,03;100;1669819963839;buy;100,0
2022-11-30 14:52:44+00:00;26,02;26,03;26,03;100;1669819964834;buy;100,0
2022-11-30 14:52:44+00:00;26,02;26,03;26,03;100;1669819964967;buy;100,0
2022-11-30 14:52:45+00:00;26,02;26,03;26,03;100;1669819965984;buy;100,0
2022-11-30 14:52:45+00:00;26,02;26,03;26,03;100;1669819965984;buy;100,0
2022-11-30 14:52:47+00:00;26,02;26,03;26,02;700;1669819967477;sell;700,0
2022-11-30 14:52:47+00:00;26,02;26,03;26,03;100;1669819967515;buy;100,0
2022-11-30 14:52:47+00:00;26,02;26,03;26,03;100;1669819967516;buy;100,0
2022-11-30 14:52:50+00:00;26,02;26,03;26,02;100;1669819970763;sell;100,0
2022-11-30 14:52:51+00:00;26,02;26,03;26,03;100;1669819971007;buy;100,0
2022-11-30 14:52:51+00:00;26,02;26,03;26,03;100;1669819971141;buy;100,0
2022-11-30 14:52:51+00:00;26,02;26,03;26,03;300;1669819971901;buy;300,0
2022-11-30 14:52:51+00:00;26,02;26,03;26,03;100;1669819971916;buy;100,0
2022-11-30 14:52:51+00:00;26,02;26,03;26,03;100;1669819971916;buy;100,0
2022-11-30 14:52:52+00:00;26,02;26,03;26,03;1000;1669819972526;buy;1000,0
2022-11-30 14:52:52+00:00;26,02;26,03;26,03;100;1669819972609;buy;100,0
2022-11-30 14:52:52+00:00;26,02;26,03;26,03;100;1669819972610;buy;100,0
2022-11-30 14:52:52+00:00;26,02;26,03;26,03;100;1669819972908;buy;100,0
2022-11-30 14:52:53+00:00;26,02;26,03;26,03;100;1669819973014;buy;100,0
2022-11-30 14:52:55+00:00;26,02;26,03;26,03;100;1669819975137;buy;100,0
2022-11-30 14:52:57+00:00;26,02;26,03;26,03;100;1669819977542;buy;100,0
2022-11-30 14:52:57+00:00;26,02;26,03;26,03;100;1669819977553;buy;100,0
2022-11-30 14:53:01+00:00;26,02;26,03;26,02;1000;1669819981768;sell;1000,0
2022-11-30 14:53:01+00:00;26,02;26,03;26,03;100;1669819981848;buy;100,0
2022-11-30 14:53:01+00:00;26,02;26,03;26,03;200;1669819981848;buy;200,0
2022-11-30 14:53:02+00:00;26,02;26,03;26,03;300;1669819982872;buy;300,0
2022-11-30 14:53:03+00:00;26,02;26,03;26,03;100;1669819983147;buy;100,0
2022-11-30 14:53:03+00:00;26,02;26,03;26,03;100;1669819983852;buy;100,0
2022-11-30 14:53:04+00:00;26,02;26,03;26,02;100;1669819984601;sell;100,0
2022-11-30 14:53:04+00:00;26,02;26,03;26,03;100;1669819984649;buy;100,0
2022-11-30 14:53:07+00:00;26,02;26,03;26,03;100;1669819987039;buy;100,0
2022-11-30 14:53:07+00:00;26,02;26,03;26,03;100;1669819987114;buy;100,0
2022-11-30 14:53:07+00:00;26,02;26,03;26,03;100;1669819987531;buy;100,0
2022-11-30 14:53:07+00:00;26,02;26,03;26,03;1000;1669819987772;buy;1000,0
2022-11-30 14:53:07+00:00;26,02;26,03;26,03;25500;1669819987772;buy;25500,0
2022-11-30 14:53:07+00:00;26,03;26,04;26,04;2900;1669819987833;buy;2900,0
2022-11-30 14:53:07+00:00;26,03;26,04;26,04;23100;1669819987834;buy;23100,0
2022-11-30 14:53:07+00:00;26,03;26,04;26,05;2000;1669819987834;buy;2000,0
2022-11-30 14:53:07+00:00;26,03;26,04;26,04;100;1669819987834;buy;100,0
2022-11-30 14:53:07+00:00;26,03;26,04;26,05;1900;1669819987834;buy;1900,0
2022-11-30 14:53:07+00:00;26,03;26,04;26,04;100;1669819987834;buy;100,0
2022-11-30 14:53:07+00:00;26,03;26,04;26,05;200;1669819987834;buy;200,0
2022-11-30 14:53:07+00:00;26,03;26,04;26,05;100;1669819987834;buy;100,0
2022-11-30 14:53:07+00:00;26,03;26,04;26,04;100;1669819987834;buy;100,0
2022-11-30 14:53:07+00:00;26,03;26,04;26,05;1500;1669819987834;buy;1500,0
2022-11-30 14:53:07+00:00;26,03;26,04;26,05;3200;1669819987892;buy;3200,0
2022-11-30 14:53:07+00:00;26,03;26,04;26,05;4800;1669819987893;buy;4800,0
2022-11-30 14:53:07+00:00;26,03;26,04;26,05;600;1669819987927;buy;600,0
2022-11-30 14:53:07+00:00;26,03;26,04;26,05;300;1669819987929;buy;300,0
2022-11-30 14:53:07+00:00;26,03;26,04;26,05;100;1669819987978;buy;100,0
2022-11-30 14:53:08+00:00;26,03;26,04;26,04;11000;1669819988284;buy;11000,0
2022-11-30 14:53:08+00:00;26,03;26,04;26,05;1200;1669819988292;buy;1200,0
2022-11-30 14:53:08+00:00;26,03;26,04;26,05;1200;1669819988293;buy;1200,0
2022-11-30 14:53:08+00:00;26,03;26,04;26,05;200;1669819988348;buy;200,0
2022-11-30 14:53:08+00:00;26,03;26,04;26,05;100;1669819988348;buy;100,0
2022-11-30 14:53:08+00:00;26,04;26,05;26,05;100;1669819988454;buy;100,0
2022-11-30 14:53:08+00:00;26,04;26,05;26,04;100;1669819988689;sell;100,0
2022-11-30 14:53:09+00:00;26,04;26,05;26,05;4300;1669819989002;buy;4300,0
2022-11-30 14:53:09+00:00;26,04;26,05;26,05;500;1669819989022;buy;500,0
2022-11-30 14:53:09+00:00;26,04;26,05;26,05;500;1669819989027;buy;500,0
2022-11-30 14:53:09+00:00;26,04;26,05;26,05;800;1669819989323;buy;800,0
2022-11-30 14:53:09+00:00;26,04;26,05;26,05;100;1669819989385;buy;100,0
2022-11-30 14:53:09+00:00;26,04;26,05;26,05;100;1669819989385;buy;100,0
2022-11-30 14:53:09+00:00;26,04;26,05;26,04;26600;1669819989733;sell;26600,0
2022-11-30 14:53:09+00:00;26,04;26,05;26,04;8100;1669819989733;sell;8100,0
2022-11-30 14:53:09+00:00;26,04;26,05;26,04;5300;1669819989733;sell;5300,0
2022-11-30 14:53:09+00:00;26,04;26,05;26,05;3000;1669819989747;buy;3000,0
2022-11-30 14:53:09+00:00;26,04;26,05;26,05;3000;1669819989748;buy;3000,0
2022-11-30 14:53:09+00:00;26,04;26,05;26,06;1800;1669819989816;buy;1800,0
2022-11-30 14:53:09+00:00;26,04;26,05;26,06;600;1669819989817;buy;600,0
2022-11-30 14:53:09+00:00;26,04;26,05;26,05;100;1669819989817;buy;100,0
2022-11-30 14:53:09+00:00;26,04;26,05;26,06;500;1669819989817;buy;500,0
2022-11-30 14:53:09+00:00;26,04;26,05;26,06;1800;1669819989817;buy;1800,0
2022-11-30 14:53:09+00:00;26,04;26,05;26,06;300;1669819989858;buy;300,0
2022-11-30 14:53:09+00:00;26,04;26,05;26,06;300;1669819989858;buy;300,0
2022-11-30 14:53:09+00:00;26,04;26,05;26,06;100;1669819989929;buy;100,0
2022-11-30 14:53:09+00:00;26,04;26,06;26,06;100;1669819989985;buy;100,0
2022-11-30 14:53:10+00:00;26,04;26,06;26,05;100;1669819990861;both;100,0
2022-11-30 14:53:10+00:00;26,04;26,06;26,06;100;1669819990895;buy;100,0
2022-11-30 14:53:11+00:00;26,04;26,06;26,05;100;1669819991005;both;100,0
2022-11-30 14:53:11+00:00;26,04;26,06;26,05;100;1669819991074;both;100,0
2022-11-30 14:53:11+00:00;26,04;26,06;26,06;400;1669819991074;buy;400,0
2022-11-30 14:53:11+00:00;26,04;26,06;26,05;100;1669819991079;both;100,0
2022-11-30 14:53:11+00:00;26,04;26,06;26,05;100;1669819991151;both;100,0
2022-11-30 14:53:12+00:00;26,04;26,05;26,05;200;1669819992348;buy;200,0
2022-11-30 14:53:12+00:00;26,04;26,06;26,04;26100;1669819992485;sell;26100,0
2022-11-30 14:53:12+00:00;26,04;26,06;26,05;100;1669819992524;both;100,0
2022-11-30 14:53:12+00:00;26,04;26,06;26,06;100;1669819992721;buy;100,0
2022-11-30 14:53:12+00:00;26,04;26,06;26,06;3000;1669819992738;buy;3000,0
2022-11-30 14:53:12+00:00;26,04;26,06;26,06;2900;1669819992741;buy;2900,0
2022-11-30 14:53:12+00:00;26,04;26,06;26,05;100;1669819992907;both;100,0
2022-11-30 14:53:12+00:00;26,04;26,06;26,06;200;1669819992907;buy;200,0
2022-11-30 14:53:12+00:00;26,04;26,06;26,06;300;1669819992907;buy;300,0
2022-11-30 14:53:13+00:00;26,04;26,05;26,05;100;1669819993645;buy;100,0
2022-11-30 14:53:13+00:00;26,04;26,05;26,06;100;1669819993694;buy;100,0
2022-11-30 14:53:14+00:00;26,04;26,06;26,05;100;1669819994157;both;100,0
2022-11-30 14:53:14+00:00;26,04;26,06;26,05;100;1669819994373;both;100,0
2022-11-30 14:53:14+00:00;26,04;26,06;26,06;100;1669819994386;buy;100,0
2022-11-30 14:53:14+00:00;26,04;26,06;26,05;100;1669819994926;both;100,0
2022-11-30 14:53:14+00:00;26,04;26,06;26,06;200;1669819994926;buy;200,0
2022-11-30 14:53:15+00:00;26,04;26,06;26,06;100;1669819995060;buy;100,0
2022-11-30 14:53:15+00:00;26,04;26,06;26,05;100;1669819995063;both;100,0
2022-11-30 14:53:15+00:00;26,04;26,06;26,06;100;1669819995184;buy;100,0
2022-11-30 14:53:15+00:00;26,04;26,05;26,05;100;1669819995652;buy;100,0
2022-11-30 14:53:15+00:00;26,04;26,05;26,04;100;1669819995790;sell;100,0
2022-11-30 14:53:15+00:00;26,04;26,05;26,06;100;1669819995822;buy;100,0
2022-11-30 14:53:16+00:00;26,04;26,06;26,05;100;1669819996312;both;100,0
2022-11-30 14:53:16+00:00;26,04;26,06;26,06;100;1669819996324;buy;100,0
2022-11-30 14:53:17+00:00;26,04;26,05;26,05;100;1669819997045;buy;100,0
2022-11-30 14:53:17+00:00;26,04;26,05;26,04;500;1669819997335;sell;500,0
2022-11-30 14:53:17+00:00;26,04;26,05;26,05;100;1669819997881;buy;100,0
2022-11-30 14:53:17+00:00;26,04;26,05;26,05;100;1669819997917;buy;100,0
2022-11-30 14:53:18+00:00;26,04;26,05;26,05;600;1669819998073;buy;600,0
2022-11-30 14:53:18+00:00;26,04;26,05;26,06;100;1669819998078;buy;100,0
2022-11-30 14:53:18+00:00;26,04;26,05;26,05;100;1669819998078;buy;100,0
2022-11-30 14:53:18+00:00;26,04;26,05;26,05;100;1669819998414;buy;100,0
2022-11-30 14:53:19+00:00;26,05;26,06;26,05;500;1669819999620;sell;500,0
2022-11-30 14:53:19+00:00;26,05;26,06;26,06;100;1669819999686;buy;100,0
2022-11-30 14:53:19+00:00;26,05;26,06;26,06;100;1669819999686;buy;100,0
2022-11-30 14:53:19+00:00;26,05;26,06;26,05;1000;1669819999949;sell;1000,0
2022-11-30 14:53:19+00:00;26,05;26,06;26,06;100;1669819999954;buy;100,0
2022-11-30 14:53:19+00:00;26,05;26,06;26,06;100;1669819999955;buy;100,0
2022-11-30 14:53:20+00:00;26,05;26,06;26,05;100;1669820000023;sell;100,0
2022-11-30 14:53:20+00:00;26,05;26,06;26,06;200;1669820000793;buy;200,0
2022-11-30 14:53:20+00:00;26,05;26,06;26,06;100;1669820000821;buy;100,0
2022-11-30 14:53:20+00:00;26,05;26,06;26,06;100;1669820000912;buy;100,0
2022-11-30 14:53:20+00:00;26,05;26,06;26,06;100;1669820000916;buy;100,0
2022-11-30 14:53:22+00:00;26,05;26,06;26,06;100;1669820002069;buy;100,0
2022-11-30 14:53:22+00:00;26,05;26,06;26,05;100;1669820002169;sell;100,0
2022-11-30 14:53:23+00:00;26,05;26,06;26,06;100;1669820003093;buy;100,0
2022-11-30 14:53:24+00:00;26,05;26,06;26,05;300;1669820004105;sell;300,0
2022-11-30 14:53:24+00:00;26,05;26,06;26,06;100;1669820004199;buy;100,0
2022-11-30 14:53:24+00:00;26,05;26,06;26,05;500;1669820004361;sell;500,0
2022-11-30 14:53:24+00:00;26,05;26,06;26,06;100;1669820004384;buy;100,0
2022-11-30 14:53:27+00:00;26,05;26,06;26,05;100;1669820007132;sell;100,0
2022-11-30 14:53:27+00:00;26,05;26,06;26,05;300;1669820007269;sell;300,0
2022-11-30 14:53:27+00:00;26,05;26,06;26,06;100;1669820007292;buy;100,0
2022-11-30 14:53:27+00:00;26,05;26,06;26,06;100;1669820007339;buy;100,0
2022-11-30 14:53:27+00:00;26,05;26,06;26,05;500;1669820007519;sell;500,0
2022-11-30 14:53:28+00:00;26,04;26,05;26,05;200;1669820008418;buy;200,0
2022-11-30 14:53:28+00:00;26,04;26,05;26,05;100;1669820008466;buy;100,0
2022-11-30 14:53:32+00:00;26,04;26,05;26,04;100;1669820012301;sell;100,0
2022-11-30 14:53:32+00:00;26,04;26,05;26,05;100;1669820012355;buy;100,0
2022-11-30 14:53:35+00:00;26,04;26,05;26,05;100;1669820015151;buy;100,0
2022-11-30 14:53:35+00:00;26,04;26,05;26,04;100;1669820015702;sell;100,0
2022-11-30 14:53:36+00:00;26,04;26,05;26,05;15000;1669820016146;buy;15000,0
2022-11-30 14:53:36+00:00;26,04;26,05;26,05;1700;1669820016151;buy;1700,0
2022-11-30 14:53:36+00:00;26,04;26,05;26,05;1600;1669820016151;buy;1600,0
2022-11-30 14:53:36+00:00;26,04;26,05;26,05;100;1669820016234;buy;100,0
2022-11-30 14:53:36+00:00;26,04;26,05;26,05;200;1669820016246;buy;200,0
2022-11-30 14:53:36+00:00;26,04;26,05;26,05;100;1669820016295;buy;100,0
2022-11-30 14:53:36+00:00;26,04;26,05;26,05;100;1669820016386;buy;100,0
2022-11-30 14:53:36+00:00;26,04;26,05;26,04;6700;1669820016720;sell;6700,0
2022-11-30 14:53:36+00:00;26,04;26,05;26,05;700;1669820016751;buy;700,0
2022-11-30 14:53:36+00:00;26,04;26,05;26,05;700;1669820016752;buy;700,0
2022-11-30 14:53:36+00:00;26,04;26,05;26,05;100;1669820016806;buy;100,0
2022-11-30 14:53:36+00:00;26,04;26,05;26,05;100;1669820016806;buy;100,0
2022-11-30 14:53:37+00:00;26,04;26,05;26,05;2600;1669820017296;buy;2600,0
2022-11-30 14:53:37+00:00;26,04;26,05;26,05;300;1669820017368;buy;300,0
2022-11-30 14:53:37+00:00;26,04;26,05;26,05;300;1669820017370;buy;300,0
2022-11-30 14:53:37+00:00;26,04;26,05;26,04;8000;1669820017568;sell;8000,0
2022-11-30 14:53:37+00:00;26,04;26,05;26,05;900;1669820017623;buy;900,0
2022-11-30 14:53:37+00:00;26,04;26,05;26,05;900;1669820017624;buy;900,0
2022-11-30 14:53:37+00:00;26,04;26,05;26,05;100;1669820017674;buy;100,0
2022-11-30 14:53:37+00:00;26,04;26,05;26,05;100;1669820017675;buy;100,0
2022-11-30 14:53:38+00:00;26,04;26,05;26,04;2500;1669820018861;sell;2500,0
2022-11-30 14:53:38+00:00;26,04;26,05;26,05;300;1669820018916;buy;300,0
2022-11-30 14:53:38+00:00;26,04;26,05;26,05;300;1669820018917;buy;300,0
2022-11-30 14:53:39+00:00;26,04;26,05;26,05;100;1669820019009;buy;100,0
2022-11-30 14:53:39+00:00;26,04;26,05;26,05;100;1669820019061;buy;100,0
2022-11-30 14:53:39+00:00;26,04;26,05;26,04;100;1669820019613;sell;100,0
2022-11-30 14:53:39+00:00;26,04;26,05;26,05;100;1669820019668;buy;100,0
2022-11-30 14:53:40+00:00;26,04;26,05;26,05;700;1669820020256;buy;700,0
2022-11-30 14:53:40+00:00;26,04;26,05;26,05;100;1669820020325;buy;100,0
2022-11-30 14:53:40+00:00;26,04;26,05;26,04;5200;1669820020391;sell;5200,0
2022-11-30 14:53:40+00:00;26,04;26,05;26,05;500;1669820020411;buy;500,0
2022-11-30 14:53:40+00:00;26,04;26,05;26,05;600;1669820020412;buy;600,0
2022-11-30 14:53:40+00:00;26,04;26,05;26,05;100;1669820020466;buy;100,0
2022-11-30 14:53:40+00:00;26,04;26,05;26,05;100;1669820020466;buy;100,0
2022-11-30 14:53:41+00:00;26,04;26,05;26,05;300;1669820021304;buy;300,0
2022-11-30 14:53:41+00:00;26,04;26,05;26,04;2500;1669820021874;sell;2500,0
2022-11-30 14:53:41+00:00;26,04;26,05;26,05;300;1669820021890;buy;300,0
2022-11-30 14:53:41+00:00;26,04;26,05;26,05;300;1669820021891;buy;300,0
2022-11-30 14:53:41+00:00;26,04;26,05;26,05;100;1669820021953;buy;100,0
2022-11-30 14:53:42+00:00;26,04;26,05;26,04;1300;1669820022169;sell;1300,0
2022-11-30 14:53:42+00:00;26,04;26,05;26,05;100;1669820022214;buy;100,0
2022-11-30 14:53:42+00:00;26,04;26,05;26,05;200;1669820022214;buy;200,0
2022-11-30 14:53:43+00:00;26,04;26,05;26,05;100;1669820023179;buy;100,0
2022-11-30 14:53:43+00:00;26,04;26,05;26,04;100;1669820023218;sell;100,0
2022-11-30 14:53:43+00:00;26,04;26,05;26,04;11700;1669820023344;sell;11700,0
2022-11-30 14:53:43+00:00;26,04;26,05;26,04;200;1669820023344;sell;200,0
2022-11-30 14:53:43+00:00;26,04;26,05;26,05;1400;1669820023435;buy;1400,0
2022-11-30 14:53:43+00:00;26,04;26,05;26,05;1300;1669820023435;buy;1300,0
2022-11-30 14:53:43+00:00;26,04;26,05;26,05;100;1669820023495;buy;100,0
2022-11-30 14:53:43+00:00;26,04;26,05;26,05;200;1669820023495;buy;200,0
2022-11-30 14:53:44+00:00;26,04;26,05;26,05;100;1669820024486;buy;100,0
2022-11-30 14:53:44+00:00;26,04;26,05;26,05;100;1669820024492;buy;100,0
2022-11-30 14:53:44+00:00;26,04;26,05;26,04;8000;1669820024512;sell;8000,0
2022-11-30 14:53:44+00:00;26,04;26,05;26,05;900;1669820024544;buy;900,0
2022-11-30 14:53:44+00:00;26,04;26,05;26,05;900;1669820024545;buy;900,0
2022-11-30 14:53:44+00:00;26,04;26,05;26,05;100;1669820024593;buy;100,0
2022-11-30 14:53:44+00:00;26,04;26,05;26,05;100;1669820024594;buy;100,0
2022-11-30 14:53:44+00:00;26,04;26,05;26,05;100;1669820024683;buy;100,0
2022-11-30 14:53:45+00:00;26,04;26,05;26,04;100;1669820025512;sell;100,0
2022-11-30 14:53:45+00:00;26,04;26,05;26,05;100;1669820025543;buy;100,0
2022-11-30 14:53:49+00:00;26,04;26,05;26,04;200;1669820029322;sell;200,0
2022-11-30 14:53:50+00:00;26,04;26,05;26,04;500;1669820030080;sell;500,0
2022-11-30 14:53:50+00:00;26,04;26,05;26,05;100;1669820030083;buy;100,0
2022-11-30 14:53:50+00:00;26,04;26,05;26,04;1000;1669820030731;sell;1000,0
2022-11-30 14:53:50+00:00;26,04;26,05;26,05;100;1669820030753;buy;100,0
2022-11-30 14:53:50+00:00;26,04;26,05;26,05;200;1669820030754;buy;200,0
2022-11-30 14:53:50+00:00;26,04;26,05;26,04;200;1669820030924;sell;200,0
2022-11-30 14:53:51+00:00;26,04;26,05;26,04;7400;1669820031081;sell;7400,0
2022-11-30 14:53:51+00:00;26,04;26,05;26,05;800;1669820031088;buy;800,0
2022-11-30 14:53:51+00:00;26,04;26,05;26,05;800;1669820031089;buy;800,0
2022-11-30 14:53:51+00:00;26,04;26,05;26,05;100;1669820031166;buy;100,0
2022-11-30 14:53:51+00:00;26,04;26,05;26,05;100;1669820031167;buy;100,0
2022-11-30 14:53:52+00:00;26,04;26,05;26,05;100;1669820032266;buy;100,0
2022-11-30 14:53:52+00:00;26,04;26,05;26,05;200;1669820032528;buy;200,0
2022-11-30 14:53:52+00:00;26,04;26,05;26,05;100;1669820032581;buy;100,0
2022-11-30 14:53:52+00:00;26,04;26,05;26,05;100;1669820032633;buy;100,0
2022-11-30 14:53:53+00:00;26,04;26,05;26,04;2000;1669820033256;sell;2000,0
2022-11-30 14:53:53+00:00;26,04;26,05;26,05;200;1669820033299;buy;200,0
2022-11-30 14:53:53+00:00;26,04;26,05;26,05;200;1669820033299;buy;200,0
2022-11-30 14:53:54+00:00;26,04;26,05;26,04;1500;1669820034426;sell;1500,0
2022-11-30 14:53:54+00:00;26,04;26,05;26,05;100;1669820034431;buy;100,0
2022-11-30 14:53:54+00:00;26,04;26,05;26,05;200;1669820034440;buy;200,0
2022-11-30 14:53:54+00:00;26,04;26,05;26,05;200;1669820034441;buy;200,0
2022-11-30 14:53:59+00:00;26,04;26,05;26,05;100;1669820039028;buy;100,0
2022-11-30 14:53:59+00:00;26,04;26,05;26,04;100;1669820039626;sell;100,0
2022-11-30 14:54:00+00:00;26,04;26,05;26,05;100;1669820040634;buy;100,0
2022-11-30 14:54:00+00:00;26,04;26,05;26,05;100;1669820040667;buy;100,0
2022-11-30 14:54:01+00:00;26,04;26,05;26,05;100;1669820041756;buy;100,0
2022-11-30 14:54:01+00:00;26,04;26,05;26,05;100;1669820041827;buy;100,0
2022-11-30 14:54:01+00:00;26,04;26,05;26,04;3200;1669820041844;sell;3200,0
2022-11-30 14:54:01+00:00;26,04;26,05;26,05;300;1669820041864;buy;300,0
2022-11-30 14:54:01+00:00;26,04;26,05;26,05;300;1669820041864;buy;300,0
2022-11-30 14:54:01+00:00;26,04;26,05;26,05;100;1669820041993;buy;100,0
2022-11-30 14:54:02+00:00;26,04;26,05;26,05;100;1669820042062;buy;100,0
2022-11-30 14:54:03+00:00;26,04;26,05;26,04;9100;1669820043142;sell;9100,0
2022-11-30 14:54:03+00:00;26,04;26,05;26,05;1000;1669820043223;buy;1000,0
2022-11-30 14:54:03+00:00;26,04;26,05;26,05;1000;1669820043224;buy;1000,0
2022-11-30 14:54:03+00:00;26,04;26,05;26,05;100;1669820043291;buy;100,0
2022-11-30 14:54:03+00:00;26,04;26,05;26,05;100;1669820043292;buy;100,0
2022-11-30 14:54:05+00:00;26,04;26,05;26,05;300;1669820045110;buy;300,0
2022-11-30 14:54:05+00:00;26,04;26,05;26,05;1000;1669820045487;buy;1000,0
2022-11-30 14:54:05+00:00;26,04;26,05;26,05;200;1669820045533;buy;200,0
2022-11-30 14:54:05+00:00;26,04;26,05;26,05;100;1669820045533;buy;100,0
2022-11-30 14:54:05+00:00;26,04;26,05;26,05;100;1669820045603;buy;100,0
2022-11-30 14:54:07+00:00;26,04;26,05;26,05;100;1669820047284;buy;100,0
2022-11-30 14:54:07+00:00;26,04;26,05;26,04;200;1669820047946;sell;200,0
2022-11-30 14:54:10+00:00;26,04;26,05;26,05;100;1669820050538;buy;100,0
2022-11-30 14:54:11+00:00;26,04;26,05;26,05;100;1669820051170;buy;100,0
2022-11-30 14:54:11+00:00;26,04;26,05;26,05;300;1669820051670;buy;300,0
2022-11-30 14:54:11+00:00;26,04;26,05;26,05;100;1669820051726;buy;100,0
2022-11-30 14:54:11+00:00;26,04;26,05;26,05;100;1669820051787;buy;100,0
2022-11-30 14:54:13+00:00;26,04;26,05;26,05;100;1669820053484;buy;100,0
2022-11-30 14:54:15+00:00;26,04;26,05;26,05;100;1669820055039;buy;100,0
2022-11-30 14:54:15+00:00;26,04;26,05;26,05;100;1669820055090;buy;100,0
2022-11-30 14:54:15+00:00;26,04;26,05;26,05;25000;1669820055270;buy;25000,0
2022-11-30 14:54:15+00:00;26,04;26,05;26,05;7800;1669820055275;buy;7800,0
2022-11-30 14:54:15+00:00;26,04;26,05;26,05;13700;1669820055282;buy;13700,0
2022-11-30 14:54:15+00:00;26,04;26,05;26,05;5200;1669820055303;buy;5200,0
2022-11-30 14:54:15+00:00;26,04;26,05;26,05;5200;1669820055303;buy;5200,0
2022-11-30 14:54:15+00:00;26,04;26,05;26,05;600;1669820055357;buy;600,0
2022-11-30 14:54:15+00:00;26,04;26,05;26,05;500;1669820055358;buy;500,0
2022-11-30 14:54:15+00:00;26,04;26,05;26,05;100;1669820055410;buy;100,0
2022-11-30 14:54:15+00:00;26,04;26,05;26,04;100;1669820055986;sell;100,0
2022-11-30 14:54:16+00:00;26,04;26,05;26,04;300;1669820056193;sell;300,0
2022-11-30 14:54:16+00:00;26,04;26,05;26,05;100;1669820056247;buy;100,0
2022-11-30 14:54:16+00:00;26,04;26,05;26,05;100;1669820056301;buy;100,0
2022-11-30 14:54:16+00:00;26,04;26,05;26,05;900;1669820056583;buy;900,0
2022-11-30 14:54:16+00:00;26,04;26,05;26,05;100;1669820056608;buy;100,0
2022-11-30 14:54:16+00:00;26,04;26,05;26,05;100;1669820056609;buy;100,0
2022-11-30 14:54:16+00:00;26,04;26,05;26,04;500;1669820056981;sell;500,0
2022-11-30 14:54:17+00:00;26,04;26,05;26,04;100;1669820057890;sell;100,0
2022-11-30 14:54:17+00:00;26,04;26,05;26,05;100;1669820057893;buy;100,0
2022-11-30 14:54:18+00:00;26,04;26,05;26,04;100;1669820058620;sell;100,0
2022-11-30 14:54:18+00:00;26,04;26,05;26,05;100;1669820058623;buy;100,0
2022-11-30 14:54:19+00:00;26,04;26,05;26,05;100;1669820059005;buy;100,0
2022-11-30 14:54:19+00:00;26,04;26,05;26,05;2200;1669820059620;buy;2200,0
2022-11-30 14:54:19+00:00;26,04;26,05;26,05;200;1669820059705;buy;200,0
2022-11-30 14:54:19+00:00;26,04;26,05;26,05;200;1669820059705;buy;200,0
2022-11-30 14:54:19+00:00;26,04;26,05;26,05;100;1669820059722;buy;100,0
2022-11-30 14:54:20+00:00;26,04;26,05;26,05;100;1669820060907;buy;100,0
2022-11-30 14:54:20+00:00;26,04;26,05;26,05;100;1669820060997;buy;100,0
2022-11-30 14:54:23+00:00;26,04;26,05;26,05;100;1669820063054;buy;100,0
2022-11-30 14:54:23+00:00;26,04;26,05;26,05;100;1669820063250;buy;100,0
2022-11-30 14:54:24+00:00;26,04;26,05;26,05;100;1669820064541;buy;100,0
2022-11-30 14:54:24+00:00;26,04;26,05;26,05;1200;1669820064815;buy;1200,0
2022-11-30 14:54:24+00:00;26,04;26,05;26,05;100;1669820064828;buy;100,0
2022-11-30 14:54:24+00:00;26,04;26,05;26,05;100;1669820064829;buy;100,0
2022-11-30 14:54:24+00:00;26,04;26,05;26,05;100;1669820064883;buy;100,0
2022-11-30 14:54:25+00:00;26,04;26,05;26,05;100;1669820065110;buy;100,0
2022-11-30 14:54:25+00:00;26,04;26,05;26,05;2000;1669820065146;buy;2000,0
2022-11-30 14:54:25+00:00;26,04;26,05;26,05;300;1669820065156;buy;300,0
2022-11-30 14:54:25+00:00;26,04;26,05;26,05;100;1669820065173;buy;100,0
2022-11-30 14:54:25+00:00;26,04;26,05;26,05;200;1669820065220;buy;200,0
2022-11-30 14:54:25+00:00;26,04;26,05;26,05;200;1669820065221;buy;200,0
2022-11-30 14:54:25+00:00;26,04;26,05;26,05;100;1669820065282;buy;100,0
2022-11-30 14:54:26+00:00;26,04;26,05;26,05;100;1669820066721;buy;100,0
2022-11-30 14:54:26+00:00;26,04;26,05;26,05;100;1669820066754;buy;100,0
2022-11-30 14:54:27+00:00;26,04;26,05;26,04;8500;1669820067848;sell;8500,0
2022-11-30 14:54:27+00:00;26,04;26,05;26,05;900;1669820067878;buy;900,0
2022-11-30 14:54:27+00:00;26,04;26,05;26,05;900;1669820067878;buy;900,0
2022-11-30 14:54:27+00:00;26,04;26,05;26,05;100;1669820067939;buy;100,0
2022-11-30 14:54:27+00:00;26,04;26,05;26,05;100;1669820067940;buy;100,0
2022-11-30 14:54:28+00:00;26,04;26,05;26,05;100;1669820068869;buy;100,0
2022-11-30 14:54:30+00:00;26,04;26,05;26,04;100;1669820070369;sell;100,0
2022-11-30 14:54:30+00:00;26,04;26,05;26,04;200;1669820070430;sell;200,0
2022-11-30 14:54:30+00:00;26,04;26,05;26,05;100;1669820070544;buy;100,0
2022-11-30 14:54:30+00:00;26,04;26,05;26,05;100;1669820070545;buy;100,0
2022-11-30 14:54:30+00:00;26,04;26,05;26,05;100;1669820070595;buy;100,0
2022-11-30 14:54:31+00:00;26,04;26,05;26,05;100;1669820071044;buy;100,0
2022-11-30 14:54:31+00:00;26,04;26,05;26,05;300;1669820071099;buy;300,0
2022-11-30 14:54:31+00:00;26,04;26,05;26,05;100;1669820071101;buy;100,0
2022-11-30 14:54:31+00:00;26,04;26,05;26,05;100;1669820071150;buy;100,0
2022-11-30 14:54:32+00:00;26,04;26,05;26,04;200;1669820072458;sell;200,0
2022-11-30 14:54:32+00:00;26,04;26,05;26,04;100;1669820072462;sell;100,0
2022-11-30 14:54:32+00:00;26,04;26,05;26,04;300;1669820072473;sell;300,0
2022-11-30 14:54:32+00:00;26,04;26,05;26,05;100;1669820072530;buy;100,0
2022-11-30 14:54:35+00:00;26,04;26,05;26,04;2000;1669820075035;sell;2000,0
2022-11-30 14:54:35+00:00;26,04;26,05;26,05;300;1669820075065;buy;300,0
2022-11-30 14:54:35+00:00;26,04;26,05;26,05;200;1669820075066;buy;200,0
2022-11-30 14:54:35+00:00;26,04;26,05;26,05;100;1669820075071;buy;100,0
2022-11-30 14:54:35+00:00;26,04;26,05;26,05;100;1669820075115;buy;100,0
2022-11-30 14:54:35+00:00;26,04;26,05;26,05;100;1669820075117;buy;100,0
2022-11-30 14:54:35+00:00;26,04;26,05;26,05;100;1669820075168;buy;100,0
2022-11-30 14:54:35+00:00;26,04;26,05;26,05;100;1669820075231;buy;100,0
2022-11-30 14:54:35+00:00;26,04;26,05;26,04;1000;1669820075815;sell;1000,0
2022-11-30 14:54:35+00:00;26,04;26,05;26,05;100;1669820075829;buy;100,0
2022-11-30 14:54:35+00:00;26,04;26,05;26,05;100;1669820075829;buy;100,0
2022-11-30 14:54:35+00:00;26,04;26,05;26,05;500;1669820075856;buy;500,0
2022-11-30 14:54:35+00:00;26,04;26,05;26,05;100;1669820075938;buy;100,0
2022-11-30 14:54:35+00:00;26,04;26,05;26,05;100;1669820075938;buy;100,0
2022-11-30 14:54:36+00:00;26,04;26,05;26,04;100;1669820076828;sell;100,0
2022-11-30 14:54:37+00:00;26,04;26,05;26,04;3300;1669820077041;sell;3300,0
2022-11-30 14:54:37+00:00;26,04;26,05;26,04;100;1669820077043;sell;100,0
2022-11-30 14:54:37+00:00;26,04;26,05;26,04;500;1669820077046;sell;500,0
2022-11-30 14:54:37+00:00;26,04;26,05;26,04;100;1669820077048;sell;100,0
2022-11-30 14:54:37+00:00;26,04;26,05;26,04;500;1669820077076;sell;500,0
2022-11-30 14:54:37+00:00;26,04;26,05;26,04;500;1669820077077;sell;500,0
2022-11-30 14:54:37+00:00;26,03;26,04;26,04;100;1669820077584;buy;100,0
2022-11-30 14:54:38+00:00;26,03;26,04;26,03;1000;1669820078867;sell;1000,0
2022-11-30 14:54:38+00:00;26,03;26,04;26,04;200;1669820078886;buy;200,0
2022-11-30 14:54:38+00:00;26,03;26,04;26,04;100;1669820078887;buy;100,0
2022-11-30 14:54:38+00:00;26,03;26,04;26,04;100;1669820078940;buy;100,0
2022-11-30 14:54:38+00:00;26,03;26,04;26,03;100;1669820078955;sell;100,0
2022-11-30 14:54:39+00:00;26,03;26,04;26,03;100;1669820079039;sell;100,0
2022-11-30 14:54:41+00:00;26,03;26,04;26,03;100;1669820081625;sell;100,0
2022-11-30 14:54:41+00:00;26,03;26,04;26,04;100;1669820081724;buy;100,0
2022-11-30 14:54:43+00:00;26,03;26,04;26,04;100;1669820083210;buy;100,0
2022-11-30 14:54:48+00:00;26,03;26,04;26,03;100;1669820088863;sell;100,0
2022-11-30 14:54:50+00:00;26,03;26,04;26,03;2000;1669820090925;sell;2000,0
2022-11-30 14:54:50+00:00;26,03;26,04;26,04;300;1669820090955;buy;300,0
2022-11-30 14:54:50+00:00;26,03;26,04;26,04;200;1669820090956;buy;200,0
2022-11-30 14:54:51+00:00;26,03;26,04;26,04;100;1669820091004;buy;100,0
2022-11-30 14:54:51+00:00;26,03;26,04;26,04;100;1669820091007;buy;100,0
2022-11-30 14:54:51+00:00;26,03;26,04;26,03;100;1669820091306;sell;100,0
2022-11-30 14:54:51+00:00;26,03;26,04;26,03;300;1669820091314;sell;300,0
2022-11-30 14:54:51+00:00;26,03;26,04;26,04;100;1669820091380;buy;100,0
2022-11-30 14:54:56+00:00;26,03;26,04;26,03;23800;1669820096067;sell;23800,0
2022-11-30 14:54:56+00:00;26,03;26,04;26,03;500;1669820096084;sell;500,0
2022-11-30 14:54:56+00:00;26,03;26,04;26,03;2600;1669820096102;sell;2600,0
2022-11-30 14:54:56+00:00;26,03;26,04;26,03;2700;1669820096103;sell;2700,0
2022-11-30 14:54:56+00:00;26,03;26,04;26,03;400;1669820096134;sell;400,0
2022-11-30 14:54:56+00:00;26,03;26,04;26,03;300;1669820096134;sell;300,0
2022-11-30 14:54:56+00:00;26,03;26,04;26,03;100;1669820096181;sell;100,0
2022-11-30 14:54:59+00:00;26,02;26,03;26,03;100;1669820099036;buy;100,0
2022-11-30 14:54:59+00:00;26,02;26,03;26,02;100;1669820099863;sell;100,0
2022-11-30 14:54:59+00:00;26,02;26,03;26,02;200;1669820099863;sell;200,0
2022-11-30 14:55:00+00:00;26,02;26,03;26,03;100;1669820100407;buy;100,0
2022-11-30 14:55:00+00:00;26,02;26,03;26,03;100;1669820100468;buy;100,0
2022-11-30 14:55:00+00:00;26,02;26,03;26,03;100;1669820100822;buy;100,0
2022-11-30 14:55:00+00:00;26,02;26,03;26,03;100;1669820100916;buy;100,0
2022-11-30 14:55:00+00:00;26,02;26,03;26,03;100;1669820100972;buy;100,0
2022-11-30 14:55:01+00:00;26,02;26,03;26,02;100;1669820101020;sell;100,0
2022-11-30 14:55:02+00:00;26,02;26,03;26,03;100;1669820102388;buy;100,0
2022-11-30 14:55:03+00:00;26,02;26,03;26,03;100;1669820103138;buy;100,0
2022-11-30 14:55:05+00:00;26,02;26,03;26,02;100;1669820105261;sell;100,0
2022-11-30 14:55:08+00:00;26,02;26,03;26,02;1000;1669820108405;sell;1000,0
2022-11-30 14:55:08+00:00;26,02;26,03;26,03;100;1669820108431;buy;100,0
2022-11-30 14:55:08+00:00;26,02;26,03;26,03;100;1669820108432;buy;100,0
2022-11-30 14:55:08+00:00;26,02;26,03;26,03;100;1669820108465;buy;100,0
2022-11-30 14:55:08+00:00;26,02;26,03;26,02;5300;1669820108610;sell;5300,0
2022-11-30 14:55:08+00:00;26,01;26,03;26,02;500;1669820108625;sell;500,0
2022-11-30 14:55:08+00:00;26,01;26,03;26,02;600;1669820108642;both;600,0
2022-11-30 14:55:08+00:00;26,01;26,03;26,03;700;1669820108643;buy;700,0
2022-11-30 14:55:08+00:00;26,01;26,03;26,03;100;1669820108705;buy;100,0
2022-11-30 14:55:08+00:00;26,01;26,03;26,03;100;1669820108705;buy;100,0
2022-11-30 14:55:10+00:00;26,01;26,02;26,01;100;1669820110019;sell;100,0
2022-11-30 14:55:11+00:00;26,01;26,02;26,01;5600;1669820111430;sell;5600,0
2022-11-30 14:55:11+00:00;26,01;26,02;26,02;600;1669820111473;buy;600,0
2022-11-30 14:55:11+00:00;26,01;26,02;26,02;600;1669820111474;buy;600,0
2022-11-30 14:55:11+00:00;26,01;26,02;26,02;100;1669820111529;buy;100,0
2022-11-30 14:55:11+00:00;26,01;26,02;26,02;100;1669820111529;buy;100,0
2022-11-30 14:55:12+00:00;26,01;26,02;26,01;100;1669820112349;sell;100,0
2022-11-30 14:55:12+00:00;26,01;26,02;26,01;100;1669820112360;sell;100,0
2022-11-30 14:55:12+00:00;26,01;26,02;26,01;8400;1669820112703;sell;8400,0
2022-11-30 14:55:12+00:00;26,01;26,02;26,02;1000;1669820112714;buy;1000,0
2022-11-30 14:55:12+00:00;26,01;26,02;26,02;900;1669820112714;buy;900,0
2022-11-30 14:55:12+00:00;26,01;26,02;26,02;100;1669820112796;buy;100,0
2022-11-30 14:55:12+00:00;26,01;26,02;26,02;100;1669820112796;buy;100,0
2022-11-30 14:55:12+00:00;26,01;26,02;26,02;100;1669820112848;buy;100,0
2022-11-30 14:55:13+00:00;26,01;26,02;26,01;100;1669820113848;sell;100,0
2022-11-30 14:55:13+00:00;26,01;26,02;26,0;100;1669820113858;sell;100,0
2022-11-30 14:55:13+00:00;26,01;26,02;26,0;100;1669820113875;sell;100,0
2022-11-30 14:55:14+00:00;26,0;26,02;26,0;100;1669820114431;sell;100,0
2022-11-30 14:55:14+00:00;26,0;26,02;26,0;100;1669820114445;sell;100,0
2022-11-30 14:55:14+00:00;26,0;26,02;26,01;100;1669820114784;both;100,0
2022-11-30 14:55:14+00:00;26,0;26,02;26,02;100;1669820114784;buy;100,0
2022-11-30 14:55:15+00:00;26,0;26,02;26,0;100;1669820115132;sell;100,0
2022-11-30 14:55:15+00:00;26,0;26,02;26,02;100;1669820115155;buy;100,0
2022-11-30 14:55:15+00:00;26,0;26,02;26,02;100;1669820115332;buy;100,0
2022-11-30 14:55:15+00:00;26,0;26,02;26,0;100;1669820115373;sell;100,0
2022-11-30 14:55:15+00:00;26,0;26,02;26,0;100;1669820115381;sell;100,0
2022-11-30 14:55:15+00:00;26,0;26,02;26,02;100;1669820115384;buy;100,0
2022-11-30 14:55:15+00:00;26,0;26,02;26,0;100;1669820115517;sell;100,0
2022-11-30 14:55:15+00:00;26,0;26,02;26,0;100;1669820115869;sell;100,0
